2709 3430
798 20 1402 93 ems-roman
1454 35 1849 105 pisones.
2344 71 2401 121 σς

740 229 1880 299 ·οΛι>·υ“-τ’ριιᾼιιτυιι,

958 417 1023 447 DE
1061 389 1238 448 ronna
1277 417 1452 459 HUJUS
1490 419 1701 451 OPERIS.

271 529 416 607 Cum
441 562 696 607 Horatianum
719 563 800 612 hoc
827 574 931 617 opus
964 566 1165 618 aliquoties
1187 565 1280 622 jam
1298 567 1515 620 Epistolam
1543 567 1786 618 dixerimus,
1827 569 1875 607 ad
1902 565 2147 619 probandum
2189 570 2243 609 ita
2286 581 2393 611 recte

268 645 347 675 nos
367 633 520 686 fecisse,
537 635 704 686 primum
718 634 926 691 doceamus
950 635 1099 678 necesse
1121 646 1209 689 est,
1237 639 1349 688 quale
1371 642 1541 690 poema,
1578 639 1693 679 nobis
1720 637 1874 689 quidem
1910 639 2139 689 judicibus,
2172 641 2257 691 iure
2292 639 2388 692 Epi-

266 702 366 744 stola
392 699 610 745 censeatur.
640 701 808 753 deinde,
834 704 907 743 tale
929 703 1005 744 esse
1024 703 1179 745 Horatii
1201 710 1345 757 poema
1365 707 1414 746 ad
1436 706 1603 748 Pisones.
1658 707 1884 757 Pei-ticam,
1911 707 1987 749 sive
2010 707 2262 749 Horatianam
2287 708 2386 759 Epi-

264 771 403 814 stolam
427 772 556 814 nescio
588 784 636 814 au
662 771 910 835 probabiliter
938 774 1003 814 ita
1012 775 1100 824 quis
1122 775 1353 816 definiverit·
1395 777 1465 818 De
1490 786 1601 818 certa
1634 791 1678 817 re
1711 776 1768 817 ad
1788 788 1933 819 certam
1947 777 2183 829 personam,
2211 787 2384 819 certasu

263 841 447 903 perfhnas
460 869 476 892 ,
502 854 618 897 quam
636 869 652 891 ,
668 855 829 894 quam,
842 842 1078 892 poeisfinmm
1114 846 1187 883 ma
1223 857 1285 885 res
1310 854 1492 894 tangat,
1525 844 1768 892 fhniliuius
1784 846 1978 898 scriptum
2007 850 2159 899 puna.
2229 846 2386 887 Etenim

233 936 240 939 -
263 912 430 961 primo,
442 923 540 950 cum
574 910 778 960 poeticum
807 920 908 958 opus
937 905 1012 948 esse
1033 906 1180 948 nullum
1207 904 1360 959 posfit,
1387 906 1457 950 nisi
1488 907 1535 950 de
1563 917 1667 951 certa
1701 920 1742 951 re
1778 918 1819 952 et
1856 911 1904 951 ad
1935 920 2090 951 certum
2121 913 2236 953 finem
2273 913 2389 965 scrip-

265 987 379 1026 tum,
406 975 574 1026 sequitur
600 976 713 1017 etiam
750 975 791 1016 in
815 964 978 1026 epistola
1011 974 1167 1026 poetica
1191 976 1360 1028 requiri,
1402 984 1447 1018 ut
1480 976 1618 1018 habeat
1645 989 1788 1029 unam,
1811 986 1993 1028 certam,
2030 978 2178 1029 sibique
2215 979 2390 1022 constan-

263 1054 347 1087 tem
382 1043 600 1094 materiam,
629 1055 727 1096 quae
749 1042 799 1085 ad
832 1051 979 1087 certum
1004 1043 1122 1087 finem
1155 1043 1376 1098 conducatg,
1400 1044 1579 1098 adeoque
1608 1045 1834 1091 servandum
1861 1046 1975 1090 etiam
2008 1048 2055 1092 iu
2078 1047 2154 1088 -hac
2182 1047 2260 1093 esse
2281 1060 2390 1100 prae-

268 1122 423 1168 ceptum
440 1108 625 1159 Horatii:
648 1121 652 1127 '

746 1216 930 1268 Denique
944 1213 1022 1275 stt,
1049 1215 1155 1269 quod
1172 1220 1228 1277 §fis
1240 1219 1266 1269 ,²
1275 1217 1433 1273 simplex
1459 1215 1658 1260 duntaxat
1678 1226 1716 1258 et
1736 1227 1871 1266 unum.

260 1317 375 1360 Alias
400 1309 600 1368 epistolam
627 1315 781 1367 quidem
808 1315 910 1365 forte
939 1316 1163 1368 scripseris,
1200 1327 1240 1359 at
1268 1331 1351 1360 non
1387 1320 1582 1370 poeticam
1618 1319 1833 1371 epistolam.
1890 1316 1944 1359 Et
1974 1317 2053 1358 hoc
2082 1319 2195 1372 etiam
2227 1320 2387 1362 voluisse

263 1386 480 1429 Lambinus
499 1385 679 1434 videtur,
700 1385 746 1426 in
770 1384 894 1436 praef.
918 1386 970 1427 ad
991 1386 1075 1437 ΕΡ.
1102 1387 1152 1427 ad
1177 1385 1330 1427 Pisones
1353 1387 1406 1427 ita
1428 1386 1617 1428 scribens.-
1631 1387 1707 1438 suo
1739 1399 1927 1440 quaeque,
1940 1388 2100 1440 epistola
2136 1388 2283 1440 constat
2321 1404 2388 1431 ar·

260 1465 468 1511 gumento,
494 1468 615 1508 noque
642 1454 781 1497 debent
812 1459 945 1497 inanes
983 1452 1061 1508 esse
1096 1456 1291 1509 epistolae.
1320 1454 1374 1496 cf.
1409 1454 1634 1496 Haberfeid.
1670 1455 1710 1495 in
1744 1454 1880 1495 eximia
1905 1450 2176 1505 Disputatione
2208 1456 2256 1497 de
2286 1456 2386 1512 Epi,-

259 1523 355 1564 ssola
380 1524 602 1564 Horatiana.
631 1535 720 1576 pag.
748 1526 834 1565 XX.
905 1525 1085 1566 Ceterum
1123 1524 1204 1575 ipsa
1237 1524 1442 1575 appellatio
1469 1526 1660 1577 poematis
1691 1522 1778 1563 satis
1814 1522 1994 1573 indicat,
2032 1524 2105 1564 tale
2136 1523 2212 1565 esse
2244 1525 2385 1577 episto·

255 1593 317 1632 iae
338 1592 512 1643 poeticae
542 1601 809 1644 argumentum
834 1592 993 1644 debere,
1036 1592 1149 1644 quod
1181 1591 1433 1643 aliquomodo
1464 1592 1621 1642 poetice
1642 1589 1764 1643 posfit
1806 1591 1960 1632 tractari
1973 1620 1988 1641 ,
2026 1585 2083 1632 ut
2097 1593 2193 1633 adeo
2236 1595 2382 1647 cogita-

259 1662 382 1702 tiones
395 1690 410 1711 ,
448 1673 545 1711 quae
578 1661 808 1712 dicuntur,
825 1661 1041 1703 'abstractae
1055 1691 1070 1712 ,
1098 1663 1157 1703 vel
1185 1661 1300 1702 etiam
1327 1658 1606 1711 metaphylicae
1645 1659 1950 1713 disputationes,
1988 1669 2113 1720 atque·
2129 1673 2260 1703 omnes
2290 1676 2349 1705 res
2364 1695 2379 1717 ,

259 1743 359 1781 qnae
381 1728 463 1770 'nist
496 1730 859 1771 Mathematicorum
892 1729 1174 1772 demonstrandi
1196 1730 1398 1771 subtilitate
1430 1739 1545 1780 atque
1575 1729 1781 1779 acumine,
1806 1728 2048 1780 Logicorum
2071 1741 2117 1767 ac
2146 1730 2378 1773 Dialectico-

258 1809 348 1840 rum
370 1797 632 1851 distinguendi
663 1797 838 1848 solertia,
865 1797 1033 1848 expediri
1062 1806 1273 1848 nequeant,
1300 1797 1396 1839 sicut
1428 1798 1472 1837 in
1509 1797 1616 1836 nullo
1648 1795 1762 1836 facile
1787 1799 1990 1847 poemate,
2026 1797 2080 1835 ita
2110 1809 2180 1837 nec
2221 1799 2260 1839 in
2287 1800 2383 1852 Epi-

254 1867 353 1909 stola
374 1877 479 1909 recte
505 1869 638 1923 locum
663 1867 882 1931 inventurae
911 1864 1010 1903 smt.
1040 1875 1129 1903 cum
1155 1865 1199 1904 in
1216 1865 1290 1903 hac
1311 1864 1400 1903 ideo
1429 1876 1584 1913 quoque
1603 1865 1734 1903 locum
1762 1876 1826 1903 eae
1846 1876 1930 1904 non
1965 1864 2160 1916 habeant,
2190 1868 2282 1918 quia
2303 1868 2381 1911 fere

251 1937 476 1980 familiarius
514 1919 652 1986 scripta
685 1943 763 1974 est.
837 1932 988 1973 Idcirco
1031 1933 1214 1983 epistolae
1249 1921 1371 1983 magis
1407 1931 1641 1972 conveniunt
1662 1940 1876 1982 praecepta
1916 1930 1963 1971 de
1990 1932 2089 1973 vitae
2130 1934 2380 1980 instituendae

258 2008 405 2050 ratione
432 2016 477 2046 ac
499 2004 682 2044 fimilibus
705 2002 848 2051 rebus,
876 2013 973 2051 quae
992 2001 1040 2041 ad
1068 2001 1178 2052 ejus,
1205 2001 1269 2040 cui
1288 1999 1427 2051 scripta
1444 2009 1502 2040 est
1519 2000 1714 2050 epistola,
1731 1998 2022 2040 accommodari
2042 2009 2195 2053 tempus
2219 2017 2378 2061 queant,

256 2076 341 2118 vid.
375 2071 537 2115 Haberf.
561 2084 651 2124 pag.
687 2073 790 2113 XlX.
844 2071 974 2121 Atque
1005 2071 1078 2111 hac
1118 2069 1272 2121 quidem
1305 2070 1345 2110 in
1376 2081 1416 2109 re
1450 2069 1612 2110 maxime
1641 2066 1803 2120 epistola
1839 2068 1995 2119 poetica
2030 2080 2052 2110 a
2083 2072 2216 2117 ceteris
2249 2074 2376 2117 differt

253 2144 456 2198 epistolis3
491 2153 580 2183 nam
606 2141 679 2190 id,
718 2140 825 2204 quod
861 2139 1153 2191 requifivimuS,
1180 2139 1370 2189 alterum,
1409 2145 1454 2178 ut
1485 2137 1622 2188 scripta
1654 2135 1703 2177 sit
1723 2136 1770 2177 ad
1791 2146 1935 2177 certam
1964 2137 2190 2191 peribuam,
2220 2142 2267 2183 de
2294 2156 2371 2198 eo,

258 2212 366 2266 quod
387 2210 503 2263 ipsam
534 2208 773 2261 potisfimum
801 2217 930 2260 tangat
949 2237 964 2258 ,
998 2208 1040 2248 id
1067 2207 1188 2259 magis
1207 2207 1240 2247 ei
1278 2217 1368 2246 cum
1401 2206 1536 2246 ceteris
1562 2206 1734 2256 epistolis
1748 2207 1972 2246 'commune
2001 2217 2076 2248 est.
2133 2210 2224 2251 Hoc
2244 2214 2371 2265 enim,

210 2281 213 2285 ’
256 2295 338 2325 ιιοιι
368 2293 413 2322 ex
437 2282 684 2332 poematum,
720 2276 782 2317 sed
809 2289 859 2317 ex
889 2286 1022 2318 natura
1060 2274 1225 2316 ductum
1258 2283 1318 2316 est
1351 2275 1623 2325 epistolarum,
1653 2285 1750 2324 quae
1777 2272 1920 2324 semper
1945 2275 2002 2315 uti
2034 2276 2145 2316 certis
2174 2279 2373 2334 personis,

253 2353 311 2392 ita
327 2350 381 2391 de
401 2349 522 2390 rebus
554 2347 602 2388 ad
624 2359 690 2388 eas
711 2346 872 2387 maxime
891 2344 1165 2397 pertinentibus
1190 2342 1422 2383 scribuntur.
1480 2342 1602 2393 Igitur
1624 2343 1734 2383 nulla·
1747 2343 1859 2381 etiam
1884 2343 1963 2382 veri
1999 2344 2170 2386 nominis
2193 2347 2372 2400 Epistola

252 2419 331 2464 esse
358 2417 514 2471 poetica
541 2423 699 2468 potest,
727 2423 771 2456 ut
800 2426 870 2456 nee
893 2414 969 2455 ulla
993 2421 1052 2454 est
1071 2412 1306 2461 Horatiana,
1333 2422 1430 2462 quae
1453 2410 1640 2451 incertum
1672 2411 1885 2459 relinquat,
1914 2411 1980 2450 cui
2002 2410 2143 2463 scripta
2178 2414 2237 2456 fit.
2295 2418 2370 2458 ve-

254 2502 340 2531 rum
381 2498 524 2529 omnes
551 2485 705 2536 quidem
741 2484 894 2524 Horatii
929 2483 1125 2533 Epistolae
1156 2494 1202 2522 ex
1233 2482 1379 2531 privata
1413 2467 1684 2519 necessitudine
1727 2491 1816 2518 cum
1856 2480 1983 2530 aliqua
2015 2481 2173 2531 persona
2205 2484 2254 2524 de
2282 2486 2365 2537 ejus

250 2557 519 2610 temporibus,
534 2554 692 2604 studiis,
711 2553 983 2605 opinionibus»,
969 2553 1057 2592 *vel
1077 2552 1159 2591 aliis
1179 2551 1320 2600 rebus,
1348 2548 1463 2600 ipsam
1487 2549 1648 2589 maxime
1663 2547 1933 2599 tangentibus,
1961 2548 2119 2601 scriptae
2143 2550 2240 2593 sunt.
2271 2553 2365 2599 Vid.

256 2626 436 2674 Wieland
469 2626 507 2665 in
530 2615 649 2675 praef.
681 2624 729 2664 ad
755 2624 796 2664 h.
826 2625 856 2663 l.
884 2635 925 2673 p.
950 2621 1041 2662 186.
1096 2621 1228 2671 Atque
1259 2619 1348 2660 hinc
1374 2616 1612 2670 potisfimum
1637 2616 1708 2668 fit,
1745 2625 1791 2658 ut
1822 2628 1989 2669 eorum,
2025 2617 2072 2660 de
2100 2619 2242 2670 quibus
2277 2623 2368 2667 alibi

258 2696 351 2738 nihil
373 2694 557 2747 legimus,
598 2704 724 2733 mores
752 2719 768 2742 ,
806 2701 848 2732 ut
873 2690 1076 2740 Numicii,
1100 2689 1280 2738 Bullatii,
1318 2687 1458 2737 Fusci,
1494 2694 1584 2737 post
1605 2687 1819 2738 perlectam
1853 2687 2007 2738 Horatii
2040 2688 2090 2730 ad
2117 2700 2185 2732 eos
2221 2692 2364 2745 episto·

252 2767 359 2817 iam,
385 2770 531 2807 tantum
554 2773 634 2806 non
661 2761 770 2814 plene
797 2757 1088 2814 cognoscamus,
1106 2758 1187 2801 vid.
1208 2756 1373 2799 Haberf.
1395 2770 1438 2809 p.
1462 2755 1563 2802 XIX.
