2709 3430
295 57 348 111 36
696 52 1138 101 DISPUTATIO
1180 53 1266 108 DE
1306 54 1361 109 Q.
1403 53 1718 98 HORATII
1758 44 2021 102 FLA'ccr

290 177 422 208 revera
428 163 612 220 fohorum
627 163 780 206 infilvis
800 165 844 206 fit
859 167 1048 205 mutatio.-
1062 165 1160 204 lente
1181 172 1306 213 autem
1329 173 1366 204 et
1379 164 1565 222 gradatim
1579 164 1646 214 fit,
1673 165 1846 223 prorsus
1853 176 1898 207 ut
1916 167 1957 207 in
1975 136 2183 208 verborum
2205 142 2450 210 mutatione)

274 279 278 285 ,
460 234 599 288 ν..63
628 236 716 277 Sive
741 245 913 289 receptus
939 244 1049 275 terra
1076 233 1316 288 IVeptunus:
1331 245 1405 276 cet.
1454 236 1614 276 Portum
1636 234 1792 292 julium
1810 236 2039 293 figuificari,
2059 235 2115 276 de
2143 248 2223 294 quo
2250 236 2439 289 Virgilius

295 311 406 350 etiam
450 305 695 358 Georg.11.
741 307 829 355 164.
870 304 1039 354 cecinit,
1080 304 1248 355 vulgaris
1287 314 1345 345 est
1389 306 1636 357 interpretum
1677 304 1885 361 sententia,
1924 307 1991 346 cui
2012 290 2202 346 -standum
2229 314 2441 356 putamus..

296 377 470 430 quamvis
483 376 662 427 Heynius
684 375 857 426 quidem,
870 374 958 413 Vir.
973 374 1037 414 Cl.
1052 372 1159 413 add.
1172 374 1199 414 1.
1216 373 1329 427 Virg.
1344 374 1451 426 quod
1465 375 1513 424 ad
1528 373 1794 419 hunc-sensum.-
1804 376 1925 435 multa
1938 387 2075 427 parum
2090 384 2175 428 apte
2194 374 2297 415 dicta
2317 373 2440 415 essent

297 460 320 486 a
344 448 487 499 poeta,
516 445 693 497 inprimis
730 444 849 495 illud,
877 444 985 494 quod
1017 444 1229 498 Aquilones
1256 457 1329 496 pro
1359 446 1498 495 quovis
1533 455 1648 487 vento
1687 444 1898 498 accipien‘di
1916 444 2043 485 'essent
2055 458 2081 496 3.
2111 445 2243 496 potius
2278 444 2325 485 ab
2352 444 2437 485 Ho-

294 517 393 557 ratio
425 523 587 567 portum
613 514 917 555 Alexandrinum
944 513 1107 554 indicari
1141 514 1311 555 censeat:
1349 515 1547 556 Gesnerus
1576 525 1702 556 autem
1730 516 1779 557 ad
1806 516 1851 555 h
1876 517 1904 556 l.
1935 515 1987 556 ob
2025 516 2165 568 Regis
2187 527 2327 555 nomen
2354 515 2446 556 tan-⁶

291 596 427 639 topere
455 585 687 628 detestatum
716 584 899 637 Augusto
917 613 931 633 ,
963 583 1071 642 quod
1098 583 1216 634 igitur
1244 583 1291 635 de
1319 582 1436 635 1psus
1465 585 1649 636 operibus
1685 584 1843 638 po'c‘tam
1882 583 2060 626 adhibere
2087 584 2214 626 minus
2238 583 2447 636 probabile·

293 655 365 708 sit;
403 655 535 708 potius
571 654 708 696 Xerxis
745 661 906 695 conatus
942 652 981 694 in
1021 659 1149 694 monte
1189 651 1299 693 Atho
1339 652 1540 705 fignificari
1571 654 1731 706 Judicet.
1761 654 1916 707 Etenim
1943 654 2137 708 Heynium
2165 654 2281 708 (pace
2309 653 2436 697 dicam

266 725 386 782 stanti
414 724 509 776 viri)
537 724 684 775 Aquilo
711 734 785 774 pro
813 722 953 773 quovis
965 729 1080 763 vento
1097 721 1376 762 vehementiore
1392 720 1539 773 politus
1561 722 1751 763 immerito
1778 721 1965 773 ostendit,
1992 723 2025 763 fi
2044 723 2198 775 quidem
2213 724 2354 765 Horat.
2369 715 2441 766 1112'

294 794 360 836 od.
375 794 498 837 XXX.
518 805 556 847 3.
587 792 724 834 eodem·
750 791 855 835 sensu
875 792 947 833 hac
976 802 1073 833 voce
1100 800 1245 833 utatur.
1276 790 1342 832 Cf.
1372 799 1410 832 et
1434 791 1544 834 S‘crv.
1572 791 1621 833 ad
1639 791 1750 845 Virg.
1775 793 1876 835 Aen.
1901 790 1975 832 VI.
2008 803 2099 844 310.
2155 793 2265 847 Quae
2292 802 2439 845 praete-

292 877 356 907 rea
380 864 520 905 Virum
549 864 613 906 Cl.
641 863 808 905 rationes
842 863 1057 913 moverint,
1085 871 1129 901 ut
1156 870 1313 914 portum
1339 861 1639 902 Alexandrinum
1666 862 1823 914 potius,
1852 872 1967 914 quarn
1991 862 2135 916 Julium
2170 863 2329 905 indicari
2357 876 2440 906 cre·

295 936 430 985 deret,
467 934 574 974 haud
611 934 789 983 equidem
817 933 909 971 scio.
967 932 1070 969 Mihi
1098 941 1223 970 tamen
1261 940 1435 983 receptus
1461 941 1570 986 terra
1596 931 1809 984 Neptunus
1850 932 1990 972 rectius
2010 933 2066 985 'de
2092 933 2262 985 perfosso
2302 945 2436 988 aggere

292 1005 391 1045 inter
427 1015 531 1042 mare
571 1002 817 1051 Tyrrhenum
858 1009 895 1038 et
931 1000 1057 1038 lacum
1085 999 1328 1048 Lucrinum,
1367 1010 1483 1049 quam
1512 999 1559 1038 de
1587 999 1706 1050 Regis
1732 1001 1940 1041 Alexandri
1968 1002 2150 1052 operibus
2189 1003 2238 1041 ad
2271 1004 2437 1044 Pharum

292 1072 465 1124 usurpari
497 1070 673 1120 videtur,
702 1081 792 1109 cum
833 1068 897 1108 hic
936 1063 1069 1119 potius
1098 1076 1261 1108 veterem
1287 1067 1340 1107 ibi
1364 1076 1521 1119 portum
1554 1069 1875 1120 communiverit,
1914 1081 2030 1120 quam
2063 1082 2207 1112 novum
2247 1071 2437 1119 effoderit

289 1146 418 1198 Regis
446 1153 536 1196 opus
561 1152 653 1181 vero
676 1140 769 1179 nihil
794 1138 896 1178 aliud
923 1137 1134 1189 fignificat,
1164 1150 1279 1188 quam
1303 1139 1477 1192 Regium
1506 1148 1614 1191 opus
1643 1138 1831 1195 Qualia,
1860 1139 1984 1189 inquit
2000 1130 2305 1196 Acron,Reges
2324 1129 2441 1194 fisce·-

289 1227 334 1253 re
354 1213 504 1265 solent.-
535 1210 670 1260 quod,
705 1208 802 1247 ficut
842 1208 1092 1258 elegantiam,
1122 1216 1236 1257 atque
1271 1207 1525 1254 urbanitatem
1552 1208 1669 1260 hujus
1696 1210 1774 1248 loci
1801 1209 1994 1259 praeclare
2027 1209 2209 1260 explicuit
2240 1210 2437 1252 Wieland.

288 1282 468 1331 Denique
497 1279 544 1317 de
579 1279 715 1317 Xerxis
741 1278 855 1323 etiarn
884 1286 1029 1316 conatu
1053 1276 1101 1314 ad
1129 1285 1298 1315 montem
1326 1277 1462 1315 Athon
1491 1288 1570 1315 non
1593 1286 1700 1330 recte.
1722 1277 1910 1315 diceretur
1946 1278 2054 1317 mare.-
2078 1288 2188 1317 terra
2218 1290 2432 1331 receptum;

291 1363 372 1390 non
400 1350 500 1388 euim
525 1356 681 1398 portum
710 1347 764 1382 ibi
791 1347 933 1383 Xerxes
966 1343 1082 1392 fecit,
1112 1345 1174 1381 sed
1189 1373 1203 1392 ,
1232 1358 1279 1382 ne
1315 1346 1457 1395 majore
1482 1345 1538 1382 uti
1562 1344 1726 1382 circuitu
1759 1344 1938 1395 deberet,
1966 1341 2136 1384 montem
2172 1359 2194 1385 a
2224 1349 2442 1387 continenti

291 1418 502 1468 separavit,
530 1426 567 1453 et
595 1414 647 1453 fic
668 1412 822 1456 classem
847 1412 952 1453 suam
978 1411 1194 1451 transmifit.
1223 1410 1318 1449 Vid.
1347 1412 1587 1462 Pomponius
1613 1411 1721 1450 Mela
1752 1412 1801 1451 ll.
1833 1427 1873 1451 2.
1907 1416 1997 1463 136.
2028 1415 2157 1463 ibique
2182 1416 2362 1456 Gronov.

342 1486 519 1537 Maiores
545 1486 658 1525 etiam
682 1484 823 1524 turbas
840 1482 992 1531 movit,
1018 1480 1159 1530 quod
1149 1494 1189 1520 m
1214 1480 1291 1520 hoc
1310 1479 1418 1521 versu
1434 1482 1578 1534 palus,
1602 1480 1680 1532 jam
1705 1479 1794 1523 inde
1816 1494 1838 1522 a
1859 1481 1980 1524 Servii
2002 1484 2273 1557 temporibus,
2303 1485 2448 1526 'ultIma

291 1564 470 1607 correpta
496 1555 709 1606 legeretur3

716 1656 942 1710 sterilisque
968 1655 1039 1698 diu
1055 1655 1177 1710 palus
1203 1663 1374 1711 aptaque
1407 1656 1550 1697 remis..

345 1755 550 1809 Corrigere
578 1760 776 1795 tentarunt
798 1753 1056 1803 recentiores3
1082 1752 1313 1802 Mamilius,

718 1843 945 1895 Stcrilisque
976 1845 1108 1893 palus,
1138 1851 1341 1892 aptataque
1367 1845 1505 1881 remiss.

343 1942 536 1994 BentleJus
551 1940 684 1993 palus⁴
691 1940 821 1992 prius.
851 1937 1088 1987 Cunigham.
1108 1938 1232 1978 Palus
1252 1935 1398 1977 dudum
1419 1945 1587 1992 aptaque
1606 1936 1666 1976 vel
1678 1937 1825 1991 palus,
1850 1941 2088 1994 agitataque
2111 1943 2240 1984 remis.
2268 1942 2443 1985 Gesneu

282 2016 399 2067 palus
424 2010 503 2053 diu-
517 2019 688 2064 aptaque
707 2010 839 2048 remia.
883 2004 1108 2047 Haberfeld.
1146 2006 1342 2056 antiquam
1371 2004 1573 2046 lectionem
1590 2005 1750 2056 retinet,
1778 2007 1868 2057 quia
1895 2007 2043 2058 antiqui
2072 2007 2201 2058 codd,
2229 2018 2266 2050 ct
2290 2021 2440 2052 veteres

287 2079 545 2125 Grammatici
577 2079 629 2118 ita
654 2077 856 2126 exhibent,
883 2084 920 2115 et
949 2075 1039 2125 quia
1074 2074 1210 2115 omissa
1245 2086 1322 2130 vox
1357 2074 1427 2115 diu
1454 2076 1618 2114 multum
1645 2074 1847 2116 sententiae
1887 2075 2071 2116 detrahit:
2110 2076 2297 2128 denique,
2344 2081 2441 2131 quia.

286 2159 464 2202 correpta
497 2148 560 2188 illa
584 2145 725 2198 syllaba
750 2156 830 2185 non
846 2143 941 2185 adeo
971 2156 1081 2184 aures
1121 2143 1296 2185 offendit.
1353 2144 1419 2183 Ad
1441 2145 1603 2194 primam
1628 2144 1820 2185 rationem
1843 2144 1950 2193 quod
1973 2145 2128 2195 attinet,
2158 2147 2296 2187 mirum
2322 2147 2431 2201 sane,

289 2220 464 2263 Servium
493 2217 679 2258 scribere:
697 2216 887 2268 posterior
909 2213 1066 2266 nyllaba
1097 2216 1139 2254 in
1171 2214 1283 2264 palus
1309 2224 1619 2264 NONNUNQUAM
1644 2214 1769 2255 brevis
1799 2215 2020 2265 invenitur,
2062 2226 2164 2265 Qum
2202 2229 2432 2260 cEN1T1vus

288 2301 389 2332 1-:x1‘r
418 2291 460 2328 in
488 2287 563 2328 dis.
620 2282 742 2336 Quod
778 2294 903 2333 quam
915 2281 994 2322 vim
1022 2282 1160 2322 habeat
1195 2281 1370 2333 equidem
1404 2294 1483 2322 non
1513 2281 1625 2322 video
1638 2295 1661 2322 ι.
1679 2282 1811 2323 Servio
1838 2291 1963 2323 tamen
1985 2295 2066 2323 eam
2092 2284 2293 2325 lectionem
2329 2288 2433 2338 apud

288 2357 499 2400 Horatium
533 2354 686 2394 minime
718 2351 932 2404 suspectam
964 2350 1078 2390 fuisse
1100 2380 1115 2401 ,
1143 2363 1233 2391 cum
1270 2351 1372 2392 illam
1392 2351 1506 2390 etiam
1532 2350 1733 2392 defendere
1760 2353 1983 2402 tentaverit,
2011 2353 2114 2393 haud
2136 2353 2251 2394 dubie
2275 2357 2429 2407 probat.

286 2428 380 2472 Diu
408 2425 544 2466 melius
567 2422 615 2463 ad
639 2421 855 2462 sententiam
878 2421 993 2472 hujus
1022 2421 1102 2460 loci
1128 2420 1276 2471 facere,
1307 2432 1423 2471 quam
1444 2423 1578 2474 prius,
1607 2430 1708 2463 recte
1731 2421 1885 2472 quidem
1914 2421 2291 2473 scripiitHaberfeld.
2322 2428 2432 2477 quod

285 2505 413 2538 autem
452 2493 561 2535 addit
586 2500 799 2544 correptam
828 2493 1072 2542 posteriorem
1100 2493 1143 2531 in
1159 2492 1282 2543 palus
1311 2503 1387 2530 non
1422 2489 1517 2530 adeo
1544 2504 1658 2532 aures
1689 2490 1911 2544 ffindera.
1931 2491 1998 2541 id,
2030 2503 2230 2543 veremur,
2275 2504 2318 2534 ut
2346 2484 2438 2548 oni-j

285 2566 392 2608 nium
439 2562 598 2603 auribus
633 2560 793 2612 probet:
834 2571 905 2600 nos
939 2568 1037 2600 certe
1069 2560 1245 2601 nonnihil
1290 2558 1532 2599 offendebat..
1579 2559 1722 2600 Utrum
1761 2572 1856 2602 vero
1890 2561 2053 2602 Gesneri
2092 2562 2437 2613 transpofitionem·

275 2636 394 2690 palus
431 2632 528 2682 diu,
568 2642 616 2671 an
666 2628 800 2681 potius
833 2628 1141 2689 emendationem·
1172 2627 1330 2680 Bentleji
1367 2630 1488 2681 palus
1515 2631 1663 2682 prius,
1688 2630 1727 2670 in
1755 2639 1860 2671 textu
1884 2629 2155 2682 sequeremur,
2184 2631 2425 2683 aliquamdiu

280 2702 554 2744 fluctuavimus
575 2699 731 2740 incerti:
753 2697 860 2739 Vicit
890 2697 1041 2737 tandem
1068 2698 1276 2737 auctoritas
1298 2697 1479 2750 Bentleii,
1509 2698 1572 2738 cui
1601 2698 1663 2738 iila
1694 2698 1782 2749 ipsa
1802 2698 2046 2750 trampofitio
2077 2701 2172 2749 quin
2199 2701 2238 2741 in
2262 2690 2436 2743 mentem-

284 2771 463 2820 venerit,
488 2770 621 2810 eximia
642 2768 715 2809 viri
742 2766 929 2820 sagacitas
953 2765 1124 2807 dubitare
1147 2778 1220 2809 nos
1252 2778 1333 2826 ιιοιι
1373 2765 1470 2809 finit.
1527 2768 1564 2809 Is
1596 2777 1722 2809 tamen
1750 2768 1947 2810 emendare
1960 2799 1976 2820 ,
2023 2781 2140 2821 quam
2178 2764 2439 2821 transponere.v

284 2840 445 2890 maluit,
461 2838 610 2881 hiatum
632 2837 738 2877 illum
758 2836 829 2878 diu
853 2845 1024 2890 aptaque
1042 2836 1197 2886 minus,
1225 2844 1270 2877 ut
1292 2834 1471 2891 videtur,
1495 2835 1642 2882 ferens:
1675 2849 1799 2891 quem
1806 2837 1953 2881 hiatum
1974 2839 2088 2883 etiam
2106 2836 2254 2883 nostris
2271 2839 2440 2881 auribus.

282 2909 476 2962 ingratum
512 2906 634 2950 visum
649 2934 664 2959 ,
705 2917 784 2949 non
812 2914 896 2957 est,
924 2904 1037 2957 quod
1068 2905 1215 2949 inficias
1243 2915 1389 2949 eamus.
