2709 3430
669 57 1848 117 ¹:E*ptr1s÷r'o-·1,‘2A’'An³insomne.
1973 67 1995 96 -2
2329 66 2389 122 ει

256 181 409 234 Horatii
438 189 547 229 cum·
563 178 763 224 Pisonibus
796 180 861 222 hic
898 180 1066 222 exhiberi
1099 180 1229 220 minus
1270 172 1526 220 honorificum
1568 187 1626 219 est
1664 171 1892 218 Bosciwveni
1927 168 2092 217 dehoc
2133 184 2248 226 opere
2285 173 2386 228 judi·

223 251 388 304 nciam„
417 252 486 293 -At
511 250 644 292 suntne
677 251 770 292 haec
800 250 1046 304 fragmenta?
1084 243 1187 290 Mihi
1214 249 1368 301 quidem
1392 259 1487 301 apte
1521 242 1691 289 inter'se
1714 255 1896 288 connexa
1925 246 2053 288 omnia
2076 246 2284 297 videntur,
2321 248 2382 286 vei

255 320 391 377 119ζίιῦ
409 331 532 372 unum
560 318 973 367 ac;.con'tinuum;esse
984 318 1262 361 sententiarum
1285 319 1408 360 filum.
1436 319 1591 362 Baxteri
1612 327 1650 358 et
1667 317 1819 358 -Hurdii
1842 317 2058 367 feruentia,
2074 318 2248 369 satyram
2282 314 2383 356 hanc

243 388 331 429 esse
350 389 389 430 in
417 378 682 430 Romanorum
710 389 866 440 drama,
880 389 974 430 ideo
991 385 1328 441 probabilislmnii
1355 400 1441 429 -non
1465 386 1646 439 videtur,
1675 389 1777 438 *quia
1798 386 1912 427 nimis
1934 388 2055 428 multa
2076 388 2116 429 in
2148 388 2227 427 hoc
2262 398 2381 438 opere

256 468 363 509 pum
376 455 513 508 poeiin
547 457 786 510 huin-iiim,
799 458 889 506 vel
889 456 1027 502 eiiam
1042 465 1170 511 parta
1198 457 1282 510 ejus
1322 469 1344 497 a
1372 457 1579 497 dramatioa
1602 457 1729 509 poesi
1756 455 2063 508 diversissimas»,
2083 466 2187 497 ertum
2214 458 2380 509 propius

248 511 404 577 Pisones
427 525 537 579 ipsos
550 526 738 591 spectant,
790 526 874 569 Est
879 526 999 569 etiam
1033 526 1130 569 haec
1159 536 1268 568 ιιοιι
1278 527 1440 579 Satyra,
1467 525 1530 566 sed
1554 524 1742 578 ΕΡϊιοιι4
1785 524 1927 579 Quod
1965 525 2052 567 eiii
2065 527 2162 567 bene
2194 526 2376 569 viderunt

253 590 480 646 Sanadonus
512 603 552 638 et
577 594 790 649 Engelius‚
823 595 1047 649 primarium
1080 604 1231 648 tamen,
1269 607 1314 637 ex
1346 594 1605 649 Epistularum
1640 603 1778 637 natura
1802 593 2074 648 repetendum,
2101 596 2255 637 Horatii
2284 589 2376 637 con·

252 663 376 707 silium
413 664 582 717 prorsus
602 665 872 718 neglexerunt,
900 666 1062 717 quibus
1067 666 1249 708 nimirum
1269 674 1394 709 -totus
1419 664 1486 707 iste
1503 664 1656 718 locus,
1684 664 1752 717 qui
1786 674 1843 706 est
1871 677 1894 706 a
1923 666 2032 707 versu
2061 667 2156 718 366.
2188 667 2225 709 Ο
2249 680 2379 721 mayor

245 735 434 788 juvenum
458 733 639 786 quorsum
665 735 873 788 pertineat,
902 735 1233 788 incertumatque
1252 735 1499 777 indefinitum
1525 736 1775 789 relinquatur.
1804 737 1843 778 Is
1864 745 2041 780 autemct
2063 737 2218 788 quidem
2240 737 2377 777 merito

250 802 459 856 wielandii
484 803 765 856 Colmannique
790 804 1020 858 diligentiam
1039 806 1108 847 vel
1132 805 1308 858 inprimis
1334 804 1512 846 advertit.
1563 805 1623 845 At
1647 816 1696 846 ne
1722 805 1771 845 hi
1799 804 1988 858 quidem,
1995 804 2044 846 sssi
2084 803 2378 848 Haberfeidium

252 872 409 933 audiae,
437 881 564 917 totum
599 868 752 915 Horatii
783 874 984 931 confilium
1009 884 1136 921 mqnoe
1154 875 1363 921 complexi
1373 875 1481 913 sunt.
1535 902 1571 919 „
1562 875 1812 915 Ριὶιιιιιιιι”
1782 903 1798 925 ,
1815 873 2022 926 ’inquit‚
2036 904 2069 927 „
2083 889 2163 918 ιιοιι
2190 885 2248 917 est
2268 889 2380 918 vero-

251 941 457 991 „·s1mxle,
482 942 691 985 Horatium
723 949 898 993 propter
917 941 1098 993 iuvenem
1132 951 1197 989 14„
1241 947 1308 979 aut
1339 948 1409 988 15.
1442 947 1639 978 armorum
1666 947 1829 978 tantum
1867 939 1949 978 hoc
1977 952 2080 991 opus
2099 944 2378 986 concinnasse:

250 1036 287 1061 ,‚
317 1010 471 1060 (verum
498 1019 544 1048 ut
571 1010 681 1059 -.Cap
709 1009 789 1049 111.
821 1010 1014 1058 vidimus,
1054 1009 1150 1048 haec
1185 1007 1369 1047 scribente
1403 1006 1570 1056 Horatio
1598 1006 1686 1058 jam
1718 1006 1871 1047 circiter
1898 1020 1967 1048 22.
1998 1008 2120 1049 annos
2149 1021 2262 1052 natus
2298 1023 2379 1055 erat

247 1105 286 1132 ‚,
313 1078 391 1118 Cn.
421 1077 535 1128 calp.
563 1076 647 1118 Piso
672 1076 795 1130 filius)
822 1077 983 1129 deinde,
1012 1078 1121 1129 quod
1143 1077 1394 1117 Wielandius
1419 1085 1457 1116 et
1484 1075 1726 1117 Colmannus
1750 1075 1917 1117 Horatio
1934 1077 2117 1120 tribuunt
2144 1080 2345 1123 consilium
2359 1113 2377 1134 ,

250 1175 284 1199 „
310 1155 390 1188 tam
425 1145 589 1188 astutum
615 1155 702 1198 eet,
724 1156 774 1189 ut
799 1145 912 1190 facile
938 1152 1097 1199 prepter
1123 1146 1278 1188 nimiam
1294 1167 1297 1169 ·
1315 1145 1488 1188 astutiam
1524 1144 1854 1199 (superfiinheit)
1888 1145 2062 1202 successu
2089 1151 2278 1201 caruerit,
2306 1152 2376 1193 ali-

250 1245 285 1269 „
309 1225 368 1257 ter
393 1216 458 1257 illa
484 1215 694 1267 accipiente
727 1217 886 1267 Pisone,
913 1217 1013 1266 qui,
1044 1215 1076 1258 fi
1099 1216 1254 1273 ingenio
1284 1226 1385 1257 :nom
1399 1215 1668 1268 acutisfimue,
1707 1224 1752 1255 ut
1770 1224 1967 1266 putatur,
2004 1216 2080 1257 fuit
2095 1247 2111 1268 ,
2152 1229 2252 1259 certe
2278 1222 2374 1261 nihil

247 1316 283 1339 „
310 1286 351 1328 in
376 1285 454 1335 hoc
482 1296 625 1338 opere,
654 1283 723 1326 nifi
748 1292 951 1335 praecepta
978 1282 1614 1340 fibi2rradita1scfibendijviderit.
1648 1282 1913 1325 .Et.omnino
1939 1285 2053 1337 plura
2077 1287 2263 1340 praecipit
2290 1288 2377 1331 Ho-

233 1385 282 1409 ⁴„
306 1355 454 1407 ratius,
480 1356 592 1407 plura
616 1352 737 1395 fufius
763 1361 878 1405 atque
903 1351 1121 1405 diligentius
1142 1349 1363 1403 praecipit,
1394 1351 1594 1401 quamvad
1625 1351 1839 1394 indicatum
1866 1354 2139 1398 azWielandio
2178 1357 2377 1401 confilium

247 1454 283 1480 „
305 1426 495 1479 pertinere
522 1423 726 1477 quisquam
752 1422 901 1464 dixerit.
958 1421 1030 1472 Si,
1059 1420 1168 1472 quod
1188 1420 1249 1462 illi
1274 1428 1435 1471 putant,
1463 1418 1548 1461 Piso
1573 1419 1628 1461 fil.
1644 1420 1780 1461 'minus
1802 1419 1878 1461 fuit
1902 1423 2040 1464 natura
2062 1423 2192 1466 factus
2211 1426 2260 1467 ad
2280 1428 2377 1471 haec

245 1525 282 1548 „
301 1493 430 1535 'studia
444 1522 459 1544 ,
487 1501 589 1533 certe
623 1491 748 1534 noster
769 1504 857 1533 eum
881 1505 903 1533 a
926 1490 1127 1533 scribendo
1158 1490 1345 1532 deterrere
1364 1490 1532 1540 volem,
1566 1490 1700 1542 potius
1726 1499 1901 1532 naturam
1932 1495 2227 1547 commendare,
2255 1509 2373 1548 quam

244 1594 281 1617 ,‚
305 1572 427 1605 artem
457 1561 639 1607 debebat.
695 1562 751 1605 At
769 1562 818 1616 ‚in
834 1561 998 1614 Horatii
1029 1572 1144 1613 opere
1171 1569 1356 1612 perpetua
1381 1567 1440 1603 est
1464 1559 1572 1600 Artis
1604 1559 1907 1602 commendatio.
1923 1561 1948 1578 ”
2004 1562 2069 1604 Sic
2088 1563 2185 1605 ,fere
2221 1565 2373 1608 Haber-

243 1632 338 1675 feld.
381 1643 452 1673 nec
491 1630 650 1672 omnino
686 1631 762 1673 fine
790 1631 871 1674 veri
907 1631 1064 1683 specie..
1102 1630 1234 1673 ,Certe
1272 1629 1366 1679 mihi
1404 1640 1561 1680 quoque
1597 1629 1719 1681 magis
1759 1640 1876 1672 artem
1918 1643 2032 1682 quam
2054 1642 2233 1675 naturam
2262 1634 2371 1678 com-

242 1701 440 1744 mendare
447 1700 588 1751 semper
614 1700 715 1742 visus
750 1709 808 1742 est
841 1699 1007 1745 Noster-.-
1056 1698 1165 1743 Tum
1191 1708 1230 1742 et
1254 1711 1329 1755 ea,
1356 1699 1500 1754 quibus
1524 1697 1660 1753 poefin
1685 1700 1833 1743 extollit
1870 1713 1909 1746 v.
1947 1713 2040 1756 391,
2068 1704 2267 1751 silvestres
2303 1706 2370 1751 ho·

246 1773 366 1815 mines
402 1778 440 1812 et
465 1768 550 1822 sqq.
580 1781 823 1823 quorumque
855 1771 1023 1813 clausula
1047 1780 1136 1821 ese,

1165 1883 1223 1911 «ne
1239 1870 1350 1921 ,θυι
1368 1872 1539 1925 pudor-1

666 1938 736 1979 Sit
759 1936 838 1980 tibi
863 1936 989 1991 Mush
1017 1938 1123 1992 lyrae
1139 1940 1263 1993 sblers
1288 1951 1327 1983 et
1345 1946 1490 1985 cunm
1508 1942 1665 1999 Apollo·

233 2042 441 2096 quomodo
466 2041 603 2094 scripta
630 2041 849 2086 censeantur
874 2044 924 2086 ad
951 2046 1114 2097 aliquem
1143 2055 1166 2087 a
1190 2034 1311 2099 poesi
1323 2047 1621 2101 deterrendum,
1650 2049 1755 2091 haud
1780 2051 1866 2093 sane
1893 2060 2028 2104 capere
2055 2063 2116 2095 me
2142 2053 2282 2099 fateor.
2327 2091 2331 2096 ,

292 2111 402 2167 Quid
427 2123 519 2154 vero
545 2111 659 2165 igitur
685 2113 733 2155 de
748 2113 871 2171 ipfius
897 2115 1135 2159 Haberfeldii
1155 2116 1349 2163 sententia
1359 2118 1575 2162 dicemus?
1596 2120 1697 2162 Illud
1732 2120 1856 2166 statim
1885 2122 1981 2163 mihi
2014 2123 2153 2165 mirum
2184 2126 2368 2168 accidit
2347 2155 2368 2179 ,

241 2194 329 2224 eum
355 2183 510 2233 virum,
539 2182 606 2233 qui
632 2182 910 2236 diligentissime
933 2185 1144 2229 universam
1173 2188 1273 2229 hanc
1298 2189 1495 2231 materiam
1528 2190 1785 2251 perscrutatus
1805 2191 1924 2244 esset,
1951 2202 2007 2234 et
2016 2194 2190 2246 inprimis
2210 2195 2364 2238 Horatii

239 2251 481 2303 epistolarum
507 2261 686 2292 naturam
715 2253 888 2293 omnium
913 2250 1192 2298 accuratisfime
1208 2251 1501 2309 investigasset,
1539 2265 1628 2300 eum
1647 2261 1773 2312 igitur
1803 2262 1970 2302 Horatio
2006 2264 2047 2303 in
2082 2263 2155 2303 hac
2187 2264 2363 2316 Epistola

236 2319 424 2364 scribendi
447 2318 644 2360 consilium
671 2320 889 2363 istiusmodi
906 2322 1108 2375 tribuisse,
1136 2324 1245 2377 quod
1272 2334 1379 2382 recte
1420 2326 1595 2379 satyram
1623 2340 1739 2379 quam
1781 2329 1993 2381 Epistolam
2024 2330 2209 2373 scribente
2243 2338 2362 2385 poeta

238 2389 392 2443 dignius
416 2390 612 2431 habeatur.
667 2389 820 2432 Etenim
844 2390 1017 2444 satyrica
1029 2392 1226 2435 insectatio
1244 2397 1454 2447 poetarum
1469 2395 1768 2451 Romanorum,
1799 2400 1977 2450 quamvis
2005 2401 2058 2442 ob
2082 2403 2276 2455 colloquia
2299 2405 2359 2446 vel

238 2459 416 2508 οιιιιιίιιο
423 2458 734 2501 necessitudinem
756 2451 895 2513 poetae
923 2473 1012 2503 cum
1034 2462 1235 2522 Pisonibus
1264 2465 1319 2507 ab
1354 2479 1401 2508 eo
1419 2465 1626 2522 scripta,
1622 2469 1825 2522 quamvis
1840 2469 2029 2521 Pisonum
2068 2473 2181 2514 etiam
2216 2486 2357 2517 nomen

235 2527 276 2569 in
297 2527 423 2569 fronte
446 2525 658 2579 praeferens
672 2558 687 2580 ,
711 2531 796 2582 jure
820 2530 975 2582 epistola
999 2531 1076 2573 dici
1110 2546 1190 2575 non
1210 2544 1351 2587 potest.
1407 2532 1515 2577 Alias
1538 2538 1639 2592 enim
1665 2539 1779 2591 etiam
1806 2539 1960 2591 Horatii
1992 2541 2205 2590 sermonum
2229 2542 2356 2583 Libro

235 2596 365 2639 Primo
390 2597 545 2648 Satyras
575 2612 612 2642 ι.
641 2608 678 2639 et
698 2601 742 2641 6.
761 2600 864 2657 jure
880 2600 1057 2653 epistolas
1082 2603 1133 2644 ad
1152 2604 1442 2656 Maecenatem,
1462 2606 1661 2659 juvenalis
1680 2608 1867 2663 Satyram
1892 2612 1932 2652 8.
1963 2609 2157 2662 epistolam
2181 2611 2230 2652 ad
2255 2612 2356 2655 Pon-

235 2667 354 2706 ticum
374 2667 526 2708 dixeris.
555 2665 658 2709 Nam
678 2677 715 2708 et
736 2668 842 2711 hisce
865 2662 1048 2722 satyricis
1072 2682 1265 2715 certorum
1284 2676 1484 2717 hominum
1510 2676 1821 2720 insectationibus
1846 2679 2084 2728 occasionem
2107 2681 2198 2722 dare
2219 2692 2357 2733 potue-

234 2732 324 2777 runt
338 2735 472 2776 Flacci
488 2748 577 2777 cum
596 2737 844 2794 Maecenate,
864 2738 1068 2791 Juvenalis
1075 2753 1170 2783 cum
1186 2726 1355 2786 Pontico
1367 2746 1582 2796 colloquia.
1611 2747 1805 2788 Nirnirum
1826 2747 2066 2798 epistolarum
2092 2748 2256 2802 scriptor
2271 2763 2351 2800 non

235 2795 365 2856 magis
383 2805 505 2862 alios,
536 2818 652 2858 quam
677 2819 792 2857 eum,
820 2808 870 2848 ad
896 2821 1010 2859 quem
1035 2809 1196 2862 scribit,
1219 2812 1407 2865 respicere
1435 2813 1580 2866 debet3
1619 2828 1744 2867 neque
1773 2816 1888 2857 etiam
1925 2830 2061 2860 verum
2092 2828 2183 2868 est,
2221 2818 2347 2859 Hora-

228 2861 346 2911 tium
357 2871 397 2913 in
427 2858 499 2916 hac
520 2874 717 2918 Pisonibus
741 2874 918 2931 inscripta
944 2879 1099 2932 epistola
1124 2883 1331 2934 praecipue
1360 2885 1480 2926 malos
1515 2884 1572 2927 sui
1600 2886 1785 2937 temporis
1820 2889 1960 2939 po‘etas
1998 2888 2179 2933 insectari.
2210 2887 2349 2930 Multis

1203 2952 1273 2994 L
1297 2967 1326 2995 a

214 3095 228 3123 t
