2709 3430
783 18 1311 86 „2251321‘0'19152
1349 17 1831 110 arn‘vtsou‘ie
1855 40 1901 84 s.
2359 48 2415 99 63

282 135 415 200 fflbiie
450 139 561 207 pitre'
588 139 742 196 see'uttu
779 158 826 196 ιο
846 149 1379 206 >m3t1ss‘·ffl2t·norauus.
1408 151 1635 206 ΔῬιοτεεειιιια
1658 181 1677 207 ,
1712 151 1824 206 quod
1850 151 1891 195 in
1926 150 2034 194 versu
2069 164 2165 206 301.
2193 152 2409 206 Laena...

285 221 399 278 que'm
431 223 485 267 ob
522 212 656 268 o‘dim'z
684 216 745 268 In·
762 223 1017 281 Pofflpfflilo'e
1040 220 1181 272 G‘a‘effir
1199 230 1224 268 e
1239 224 1392 269 toulon
1421 224 1631 268 senatorem
1657 223 1829 278 fecerat,
1855 225 1961 267 nulla
1993 224 2188 278 dignitatis
2218 225 2304 279 ejus
2343 226 2411 266 ha·

278 295 359 338 bita
383 296 554 350 ratione,
570 285 807 350 fimpsseite
817 298 1004 354 confirm
1030 297 1210 353 appenet.
1239 294 1295 338 cf.
1334 297 1416 339 Dio
1444 295 1555 340 Cast:
1581 296 1694 339 L1V.
1720 308 1788 338 αι.
1846 297 1982 338 Senec.
2009 295 2141 348 Epist.
2164 309 2257 349 119
2288 306 2327 338 et
2347 297 2407 349 lq.

275 367 517 411 Scholiastae
547 365 598 410 ad
622 366 667 410 h.
691 367 721 411 l.
748 368 842 423 Qui
837 368 1025 424 jocuent
1044 360 1128 412 Cn.
1153 364 1311 420 Pisoni,
1330 366 1582 422 Pompeianas
1604 376 1734 421 partes
1750 366 1880 419 secuto
1894 367 2073 421 ‚lepidus
2096 367 2217 411 videri
2241 368 2405 420 debuit,

273 438 329 479 ita
362 438 518 479 minime
540 445 671 492 gratus
704 436 837 482 fuisset
868 439 922 483 L.
948 438 1173 494 Calpurni&
1184 436 1348 489 Pisoni
1366 438 1482 491 cujus
1508 448 1689 491 germana
1712 440 1925 491 Calpurnia
1944 438 2098 492 Caesari
2121 448 2239 490 nupta
2260 439 2405 483 fuerat.

274 506 512 549 Earumdem
534 509 700 561 partium
726 508 893 553 studium
921 511 1033 553 etiam
1052 508 1207 566 aliquo
1204 507 1326 551 modo
1353 507 1522 551 cernitur
1538 507 1582 551 in
1613 508 1777 550 laudatis
1801 509 1999 571 Epistolae
2026 510 2141 562 huJ'us
2169 509 2276 549 versu
2304 516 2397 561 371.

273 576 328 619 Δ.
348 577 538 628 Cascellio
561 577 804 633 Messalaque
817 611 834 634 ,
868 592 981 637 quos
998 578 1119 624 ‘ambo
1136 577 1285 635 priscae
1314 566 1497 637 Ῑίὕεταιὼ
1523 572 1817 622 fludiofislimOs
1855 574 1967 620 fuisse
2000 592 2046 620 ex
2068 577 2221 621 historia
2262 589 2398 620 notum

272 657 343 690 est.
398 649 476 691 Hic
502 650 603 692 enim
630 649 686 692 A.
707 650 929 692 Cascellius.
924 678 947 705 .,
974 651 1078 694 idem
1109 650 1224 693 forte
1237 662 1353 704 quem
1380 659 1426 692 et
1452 649 1596 693 Cicero
1621 649 1808 706 memorat
1839 662 1914 702 pro
1938 648 2060 691 Balbo
2090 662 2128 691 c.
2161 663 2222 702 19.
2252 653 2398 692 nullius

269 727 343 759 aut
370 722 512 774 gratia
537 729 611 763 aut
635 723 872 764 auctoritate
904 725 1076 780 compelli
1097 723 1235 779 potuit
1258 750 1276 774 ,
1314 732 1361 764 ut
1381 721 1431 763 de
1464 723 1610 777 aliqua
1625 724 1760 762 carum
1790 731 1920 760 rerum
1933 747 1948 770 ‚
1966 734 2073 773 quas
2096 723 2297 762 triumviri
2330 720 2394 760 de·

268 787 411 833 derant
424 818 441 844 ,
455 790 668 846 formulam
692 801 943 850 componeret.
971 814 1036 826 —-
1050 794 1159 837 Idem
1194 802 1280 835 eun
1308 793 1435 842 multa
1455 791 1505 834 de
1530 791 1765 847 temporibus
1787 791 1966 844 Caesaris
1992 789 2209 842 (Augusti)
2233 791 2395 832 liberius

268 859 490 913 loqueretur
511 889 528 913 ,
563 863 757 917 amit-ique
770 883 792 911 ,
835 874 886 900 ne
915 858 962 901 id
981 858 1161 912 ficeret,
1192 856 1443 908 monerem,
1482 850 1582 898 duas
1616 868 1677 897 res
1695 882 1714 907 ς
1749 872 1850 914 gnae
1885 860 2101 902 homenibus
2117 862 2397 913 amartsfinne

264 926 519 980 viderentur,
556 944 741 987 magnam
754 930 833 985 sthi
857 930 1078 972 libertatem
1097 927 1285 984 praebere
1310 927 1532 983 respondit,
1548 926 1787 982 senectutem
1812 937 1853 969 et
1875 929 2097 972 orbitatem.
2153 929 2283 972 Verba
2308 928 2397 970 sunt

266 994 409 1041 Valerii
441 998 607 1040 Maximi
638 1000 706 1041 vl:
742 1008 782 1041 a.
812 1014 879 1043 τε.
934 996 1049 1043 Plura
1080 999 1162 1042 vid.
1197 1000 1292 1041 inl.
1318 1012 1360 1040 2.
1394 999 1439 1051 s.
1472 1008 1545 1051 45.
1582 997 1639 1040 D.
1664 996 1715 1039 de
1748 998 1849 1051 orig.
1872 999 1976 1053 Juris
1997 1009 2035 1041 et
2066 1000 2171 1052 apud
2199 1000 2392 1053 Bynkers·

264 1066 431 1120 boeck„
458 1068 498 1110 in
518 1069 768 1121 praetermisi:
792 1070 842 1111 ad
868 1070 1125 1122 Pomponium
1145 1071 1174 1112 1.
1193 1070 1270 1115 cit.
1291 1069 1358 1119 De„
1379 1068 1644 1119 Messala-vid.
1672 1068 1772 1112 Plut.
1795 1069 1877 1120 Op.
1901 1070 1956 1110 T.
1975 1070 2007 1112 1.
2029 1083 2074 1121 p.
2108 1083 2224 1122 1009.
2280 1071 2388 1112 Cum

260 1136 380 1188 igitur
411 1139 539 1178 omnia
554 1140 595 1179 in
618 1140 698 1180 Cn.
725 1141 981 1190 Calpurnium
1005 1139 1176 1181 Pisonem
1199 1139 1358 1190 ejusque
1384 1137 1486 1179 filios
1520 1138 1599 1180 Cn.
1628 1147 1666 1179 et
1695 1138 1746 1179 L.
1772 1137 1923 1179 Pisones
1943 1152 2057 1188 quam
2083 1139 2273 1189 aptissime
2290 1153 2387 1182 con·

261 1205 391 1246 venire
420 1206 623 1247 videantur
643 1236 660 1257 ‚
698 1207 836 1257 quidni
871 1207 1077 1247 Horatium
1102 1207 1155 1258 ad
1182 1207 1259 1248 hos
1295 1205 1482 1258 scripsisse
1514 1204 1722 1247 statuamus
1737 1206 1759 1247 ’ἒ
1798 1217 1879 1256 quo
1911 1206 2017 1247 facto
2042 1206 2200 1257 scriptae
2229 1220 2385 1258 quoque

258 1273 458 1327 Epistolae
491 1284 645 1328 tempus
671 1275 886 1317 accuratius
911 1275 991 1328 J'am
1024 1274 1195 1321 indicate
1228 1273 1452 1326 possumus.
1510 1272 1730 1316 Verofimile
1756 1272 1872 1327 igitur
1899 1283 1956 1315 est
1969 1304 1984 1325 ‚
2008 1275 2218 1317 ,Horatium
2245 1276 2299 1318 A.
2330 1277 2384 1319 U.

257 1344 311 1386 C.
342 1356 435 1396 730.
464 1345 524 1386 vel
550 1344 660 1385 initio
687 1344 793 1385 Anni
819 1356 913 1397 731.
941 1342 1140 1396 scripfisse.
1195 1343 1288 1384 Hoc
1315 1352 1415 1384 certe
1442 1352 1594 1394 tempus
1622 1344 1766 1394 optime
1801 1344 1980 1395 congruit
2008 1355 2097 1384 cum
2134 1346 2239 1396 illis,
2283 1359 2384 1398 quae

255 1412 367 1465 supra
408 1413 455 1454 de
480 1412 626 1455 Pisonis
653 1412 720 1454 filii
747 1426 792 1454 ex
816 1413 999 1466 Hispania
1026 1424 1117 1454 cum
1142 1413 1323 1465 Augusto
1345 1411 1471 1453 reditu
1498 1411 1680 1454 diximus.
1732 1412 1913 1462 Deinde,
1941 1411 1969 1452 fi
1997 1424 2099 1454 anno
2120 1414 2200 1466 J‘am
2242 1415 2297 1457 U.
2327 1419 2380 1458 C.

260 1494 354 1536 773.
381 1482 489 1525 senex
526 1485 605 1526 Cn.
646 1483 730 1526 Piso
768 1483 870 1525 filius
909 1483 985 1525 fuit
1027 1484 1241 1535 (ponamus
1277 1482 1450 1535 quinque
1488 1490 1535 1523 et
1553 1480 1743 1534 sexaginta
1779 1492 1900 1525 annos
1938 1492 2069 1526 natum
2105 1483 2241 1538 fulsse)
2282 1496 2383 1528 certe

255 1553 308 1596 A.
338 1552 392 1596 U.
422 1553 475 1596 C.
512 1564 607 1607 730.
629 1552 756 1595 adhuc
783 1553 816 1595 is
843 1562 948 1607 erat,
976 1552 1197 1595 cuidiceres

678 1660 717 1702 Ο
748 1660 891 1715 Major
909 1660 1097 1713 Juvenum
1115 1688 1131 1710 ,
1160 1658 1335 1711 quamvis
1360 1667 1399 1702 et
1419 1670 1517 1703 voce
1546 1667 1705 1713 paterna

685 1729 856 1781 Fingeris
880 1729 928 1769 ad
960 1738 1126 1770 rectum.

1109 1798 1154 1838 Si
1174 1797 1274 1849 quid
1294 1807 1424 1839 umen
1450 1800 1545 1838 olim

679 1865 909 1917 Scripsert’s,
944 1865 987 1904 in
1013 1862 1144 1903 Maeci
1164 1862 1373 1916 descendat
1390 1863 1545 1917 judicis
1575 1876 1690 1905 aures

680 1934 741 1975 Et
767 1933 887 1984 patris
913 1942 952 1973 et
979 1940 1148 1973 nostras,

253 2036 374 2079 Valde
391 2033 435 2077 fit
456 2032 607 2088 juvenis
631 2041 813 2087 oportet,
840 2045 953 2085 quem
986 2034 1063 2075 hoc
1100 2033 1221 2074 modo
1260 2033 1491 2085 alloquaris:
1537 2044 1582 2076 ut
1613 2035 1693 2089 jam
1725 2035 1820 2077 nihil
1852 2037 1987 2080 addam
2022 2041 2096 2092 iis,
2136 2054 2231 2095 quae
2258 2049 2370 2099 supra

251 2107 330 2148 dixi
359 2106 406 2147 de
431 2104 621 2156 Maecio,
658 2116 750 2146 cum
786 2103 900 2145 etiam
937 2102 1144 2145 Cascellius
1170 2102 1235 2145 vix
1273 2103 1324 2144 ad
1364 2102 1503 2146 seriora
1541 2113 1715 2157 tempora
1755 2115 1914 2148 aetatem
1949 2110 2163 2160 producere
2199 2118 2368 2166 potuisse

248 2175 440 2217 videatur.
494 2174 661 2225 Neque,
700 2171 807 2225 quod
837 2170 1061 2214 Haberfcld.
1096 2172 1284 2224 putavit,
1318 2168 1474 2215 senioris
1506 2172 1583 2214 hoc
1615 2173 1769 2217 Horatii
1804 2187 1904 2228 opus
1932 2176 2045 2220 fuisse
2078 2182 2217 2232 probat
2249 2185 2367 2243 hujus

246 2242 445 2295 Epistolae
473 2243 602 2286 versus
629 2253 723 2294 305.

666 2326 822 2369 Munus
854 2337 892 2370 et
919 2326 1107 2381 officium,
1145 2326 1207 2367 m‘l
1217 2324 1396 2378 strz’bens
1421 2327 1525 2380 ipst,
1554 2325 1721 2370 docebo.

248 2450 345 2492 quae
366 2439 482 2480 verba
507 2438 554 2478 de
585 2438 805 2479 dramaticis
828 2447 976 2479 tantum
1010 2448 1047 2479 et
1081 2438 1202 2490 epicis
1225 2446 1262 2478 et
1285 2438 1443 2480 omnino
1476 2439 1688 2491 majoribus
1721 2442 1956 2484 carminibus
1991 2444 2232 2500 intelligenda
2256 2452 2355 2496 sunt.

242 2509 323 2550 vid.
359 2520 462 2552 vers.
492 2519 568 2561 310
593 2517 631 2549 et
652 2507 736 2560 sqq.
765 2517 802 2549 et
828 2509 883 2549 cf.
913 2508 963 2550 Π.
994 2507 1122 2561 Epist.
1157 2520 1194 2550 1.
1224 2510 1318 2550 208.
1657 2544 1660 2546 .

292 2579 329 2620 E
356 2578 511 2620 duobus
540 2588 667 2620 autem
695 2579 773 2620 Cn.
804 2578 1004 2630 Calpurnii
1029 2578 1174 2621 PisoniS
1199 2578 1288 2622 filiis
1326 2587 1426 2621 certe
1460 2579 1643 2633 maiorem
1683 2580 1837 2635 ingenio
1864 2584 2072 2626 violentum
2112 2596 2150 2629 et
2184 2590 2357 2644 obsequii

237 2650 409 2702 ignarum
440 2648 552 2701 supra
577 2648 830 2701 cognovimus
858 2659 880 2688 e
902 2647 1043 2689 Tacito
1064 2644 1114 2690 11.
1142 2648 1249 2690 Ann.
1276 2661 1344 2703 43.
1399 2649 1509 2703 Quae
1541 2650 1570 2691 s1
1592 2651 1671 2704 jam
1702 2663 1723 2692 a
1756 2655 1921 2704 parvulo
1946 2654 2021 2695 fuit
2046 2655 2153 2698 infita
2181 2658 2356 2714 ferocia,

239 2718 365 2770 aspera
387 2720 449 2760 illa
476 2718 760 2768 monitoribus,
788 2725 826 2758 et
844 2718 988 2759 nullius
1010 2729 1090 2759 non
1125 2718 1180 2759 rei
1205 2717 1386 2761 fiduciam
1417 2719 1487 2761 fibi
1521 2718 1708 2762 sumens·
1694 2750 1710 2772 ‚
1752 2722 1888 2774 quidni
1919 2723 1995 2763 isto
2019 2724 2170 2776 Juvenis
2197 2729 2351 2783 ingenio

237 2787 367 2830 versus
392 2789 503 2831 etiam
521 2787 694 2839 facere,
701 2795 815 2838 atque
847 2786 943 2828 adeo
964 2785 1125 2829 factos
1114 2799 1153 2828 m
1172 2787 1298 2829 lucem
1321 2787 1457 2840 edere,
1497 2791 1673 2842 quamvis
1702 2791 1855 2844 ignarus
1879 2791 1969 2833 artis
2005 2793 2208 2849 Poeticae,
2229 2808 2347 2841 tenta·

236 2857 354 2911 vent,
384 2870 467 2904 eam
489 2857 627 2902 scilicet
655 2864 771 2900 artem
797 2855 873 2899 esse
903 2868 984 2901 non
1002 2857 1215 2912 reputans?
1242 2857 1390 2911 Quidni
1413 2857 1501 2904 inde
1523 2867 1657 2912 pater,
1687 2872 1776 2905 cum
1799 2859 1886 2904 satis
1911 2862 1960 2905 ad
1986 2873 2134 2908 rectum
2157 2878 2244 2911 eum
2269 2867 2345 2921 ipse
