2709 3430
818 35 1276 105 >uorsa-fotum
1325 37 1436 86 An
1481 37 1883 87 Pisones.
2367 60 2422 104 ς,

305 201 311 204 ,
343 152 389 200 In
411 152 568 203 mun
591 150 711 214 igine
734 151 914 198 veniantz

449 225 484 270 1.
510 225 597 269 Cat.
621 217 905 269 Carnutes
931 221 1057 275 Pmo,
1112 219 1208 266 Cos.
1248 216 1431 264 suffectus
1456 220 1678 276 Murenae,
1705 224 1851 278 cossega
1876 222 2059 278 Angusto
2097 222 2168 269 XI.
2195 225 2248 269 A.
2280 225 2336 269 U.
2365 227 2418 270 C.

291 307 385 352 731·
403 294 497 340 vid.
519 294 606 342 Dio
632 292 743 337 Cas.
767 292 871 350 1311.
901 304 967 348 30.
1022 292 1099 336 Est
1125 291 1175 334 de
1199 291 1277 333 hoc
1302 290 1434 336 Piibne
1460 292 1640 336 clasficus
1663 293 1776 336 iocus
1801 294 1929 337 Taciti
1950 295 2092 337 Annal.
2117 296 2165 340 11.
2195 309 2232 338 c.
2251 309 2320 350 43.
2351 298 2422 339 ubi

288 368 454 410 delatam
465 364 563 421 ejus
588 363 671 406 mio
695 363 847 420 syriam
869 362 1113 419 provinciam
1141 369 1284 403 narrat.
1339 362 1585 426 „Tiberius
1612 364 1833 406 demoverat
1858 365 1969 418 Syria
1995 366 2192 407 Creticum
2220 368 2419 420 Silanum,

289 449 423 491 „per
462 434 697 478 &finitatem
737 445 956 487 connexum
993 431 1260 481 Germanico,
1301 424 1393 483 quia
1432 432 1549 474 Silani
1586 432 1663 474 filia
1695 434 1876 486 Neroni,
1916 436 2173 477 vetustissimo
2210 438 2419 480 liberorum

276 533 325 559 .„
352 506 461 558 eius,
488 498 604 556 pacta
628 512 741 555 etat·
769 503 1086 557 prodocet-atque
1114 503 1193 545 Cn.
1220 501 1419 553 Pisonem,
1445 502 1600 554 ingenio
1627 505 1836 545 violentum
1864 514 1902 545 et
1930 505 2100 555 obsequii
2128 508 2335 557 ignarum,
2363 510 2422 549 in·

289 574 422 629 „fita
445 573 592 619 funda
609 587 641 616 ιι
665 583 774 627 patre
791 574 968 630 ἶΡρΐοριε,
1007 576 1080 629 qui
1091 603 1108 624 ,
1150 575 1259 615 civili
1292 573 1414 624 bello,
1451 572 1696 632 resurgentes
1731 578 1776 617 in
1801 574 1949 629 Africa
1965 586 2110 630 partes
2133 580 2324 619 acerrimo
2349 582 2422 620 mi-

289 674 326 700 ,‚
351 647 513 708 nisterio
542 645 731 700 adursus
761 645 966 699 Caefitrem
995 645 1134 699 juvit.-
1177 642 1281 698 (vid.
1319 643 1425 686 Hirt.
1468 643 1516 685 de
1552 644 1654 686 bello
1694 643 1823 687 AfriC.
1861 660 1905 698 4.
1950 649 2043 699 18.)
2070 662 2158 690 mox
2183 648 2354 690 Brutum
2380 658 2422 689 et

281 731 324 770 ⁴„
351 718 524 772 Casfium
538 718 726 772 sinatus,
752 716 923 770 concesso
946 715 1079 778 reditu
1095 743 1110 766 ,
1124 718 1320 770 petitione
1343 715 1526 758 honorum
1554 714 1744 767 abstinuit
1758 745 1775 767 ,
1803 716 1921 759 donec
1947 720 2057 760 ultro
2079 719 2324 769 ambiretur,
2355 718 2421 759 de-

289 813 325 842 „
351 789 477 833 latum
503 788 565 833 ab
580 787 766 843 Augusto
782 786 1032 839 >consulatum
1056 783 1277 840 accipere?

450 859 503 901 11.
529 856 609 899 L.-
626 855 912 897 effluamus
949 854 1045 904 Piso
1082 853 1139 891 L.
1163 853 1211 890 F.
1240 852 1297 890 1..
1323 852 1413 899 N.,
1441 850 1490 889 de
1515 860 1597 900 quo
1621 850 1789 892 Tacitus
1814 853 1886 893 VI.
1917 855 2024 895 Ann.
2071 869 2137 896 10.
2212 857 2295 897 Per
2321 855 2424 897 idem

273 936 466 981 «tempus,
493 924 622 976 inquit
648 923 727 975 (A.
753 921 812 962 U.
841 920 894 961 C.
927 918 1047 972 785.)
1081 917 1136 960 L.
1173 917 1268 972 Pisa
1294 916 1509 970 Pontifex,
1537 931 1675 960 rarum
1696 922 1740 962 in
1761 929 1879 962 tanta
1899 921 2167 972 claritudine,
2185 921 2277 975 sato
2302 926 2422 974 obiit;

287 996 436 1040 nullius
461 992 620 1048 fini&
632 990 856 1045 sententiae
870 988 1013 1043 sponte
1037 997 1179 1032 auctor
1192 1017 1209 1040 ,
1244 997 1285 1031 et
1306 989 1483 1043 quotiens
1503 989 1702 1043 necessitas
1724 991 1956 1046 ingrueret,
1976 992 2180 1046 sapienter
2201 992 2423 1037 moderans.

285 1066 453 1111 Patrem
481 1064 521 1106 ei
550 1060 775 1116 Censorium
799 1057 926 1113 fuisse
956 1061 1165 1102 memoravi
1183 1072 1200 1102 .·
1240 1057 1340 1113 (fuit
1361 1058 1395 1100 is
1416 1057 1471 1100 L.
1499 1057 1614 1111 CaIp.
1643 1057 1729 1100 Piso
1750 1059 1802 1102 L.
1831 1060 1878 1102 F.
1909 1060 2084 1103 Caesaris
2113 1062 2326 1105 Dictatoris
2362 1064 2423 1105 so·

287 1148 381 1188 αι’,
407 1131 559 1178 Censor
581 1131 660 1187 ipse
684 1131 740 1175 A.
767 1130 823 1174 U.
853 1131 906 1174 C.
934 1140 1030 1182 704.
1058 1128 1142 1172 vid.
1168 1127 1278 1183 Lips.
1306 1129 1357 1172 ad
1379 1129 1536 1183 Tacit.)
1555 1139 1666 1173 aetas
1693 1130 1751 1174 ad
1776 1132 2035 1188 octogesimum
2047 1145 2194 1174 annum
2210 1135 2422 1189 processit.-

284 1206 408 1256 ,decus
431 1203 667 1258 triumphale
693 1204 737 1245 in
764 1201 939 1246 Thracia
963 1209 1186 1248 meruerat:
1221 1199 1325 1253 (vid.
1354 1199 1491 1255 Vellei.
1527 1199 1677 1244 Patere.
1709 1199 1760 1243 11.
1797 1205 1865 1253 98.
1907 1202 2051 1243 Seneca
2086 1201 2174 1253 Ep.
2211 1201 2425 1247 LXXXIII.

233 1288 237 1303 ²
290 1275 434 1320 Floms
454 1271 530 1317 lv.
563 1283 630 1315 12.
662 1269 754 1323 17.)
773 1269 854 1325 sed
865 1271 1089 1325 praecipua
1121 1282 1172 1311 ex
1208 1280 1250 1313 eo
1274 1269 1436 1324 gloria,
1472 1269 1579 1326 quod
1614 1268 1850 1324 Praffectas
1888 1266 1998 1314 urbis
2035 1284 2166 1313 recens
2207 1276 2431 1316 continuam

279 1353 515 1403 potestatem
529 1371 546 1395 ,
571 1351 621 1385 et·
637 1341 844 1395 insolentia
861 1339 1037 1394 parendi
1058 1341 1306 1394 graviorem,
1349 1341 1450 1381 mire
1467 1332 1718 1394 temperavit.
1774 1340 1921 1380 Consul
1946 1333 2073 1381 fuerat
2099 1352 2194 1381 cum⁴
2216 1337 2343 1384 Druso
2372 1345 2431 1384 A.

289 1416 349 1458 U.
377 1415 445 1458 C»
461 1423 559 1465 739.
586 1405 780 1454 vii-Dio
803 1408 914 1451 Cass.
940 1408 1032 1451 LV.
1063 1420 1101 1448 c.
1132 1418 1199 1448 21.
1254 1407 1376 1460 Apud
1403 1406 1534 1447 Tacit.
1561 1407 1591 1447 I.
1620 1407 1685 1448 cit.
1715 1407 1826 1448 etiam
1852 1409 2047 1462 Pontifix
2067 1410 2432 1463 appellatur3quod

290 1483 501 1532 Muretus,
534 1477 716 1533 Lipfius',
745 1478 972 1528 ErnestiuS‚
1001 1478 1064 1517 aIii
1077 1505 1092 1528 ‚
1119 1488 1285 1518 errorem
1311 1488 1363 1518 ex
1387 1476 1495 1517 notis
1517 1475 1593 1516 esse
1618 1477 1805 1527 credunt,
1832 1477 2150 1529 scribendumque
2174 1480 2222 1521 P.
2243 1480 2296 1520 V.
2304 1492 2434 1535 prae-

282 1553 417 1609 fectus
447 1551 587 1612 Urbis.
639 1549 786 1590 Verum
811 1556 851 1589 et
875 1548 930 1589 L.
959 1548 1197 1601 Calpurnius
1222 1546 1318 1601 1²1·sp
1340 1545 1556 1598 Pontifex,
1585 1546 1754 1597 aequalis
1781 1546 1952 1597 Tiberii,
1981 1557 2213 1588 memoratur
2238 1550 2278 1590 in
2307 1550 2424 1591 inser.

289 1623 400 1665 fratr.
428 1622 565 1664 Arval.
595 1620 701 1672 apud
727 1618 989 1660 Muratorium
1006 1645 1022 1668 ,
1048 1629 1091 1669 p.
1122 1616 1216 1668 584.
1243 1624 1305 1667 et,
1334 1615 1443 1667 quod
1469 1615 1592 1667 magis
1620 1627 1686 1655 me
1699 1626 1855 1667 movet,
1883 1617 1983 1657 alius
1997 1616 2102 1667 fuit,
2127 1619 2262 1659 iisdem
2275 1629 2433 1672 tempo-

261 1746 266 1751 ⁷
289 1693 427 1743 tibus,
453 1692 508 1734 L.
539 1682 776 1743 Calpurnius
802 1689 898 1742 1²1st
924 1686 1099 1742 Augur,
1126 1685 1222 1727 Cos.
1259 1685 1308 1729 A.
1344 1684 1401 1726 U.
1440 1684 1492 1726 C.
1522 1694 1616 1737 753.
1643 1684 1726 1726 vid.
1768 1685 1928 1725 Gruter.
1958 1686 1998 1725 in
2025 1686 2154 1736 Corp.
2179 1687 2348 1738 inscript.
2378 1702 2426 1740 p.

290 1761 418 1805 CVII.
449 1772 490 1801 n.
524 1769 564 1800 1.
593 1766 631 1799 et
658 1770 699 1798 Ω.
727 1766 765 1797 ct
790 1769 834 1807 p.
861 1755 1044 1796 CLXVI.
1074 1768 1116 1793 n·
1147 1766 1187 1803 3.
1213 1754 1285 1793 ubi
1309 1753 1441 1794 diserte
1473 1753 1658 1804 scriptum
1697 1763 1755 1794 eet
1793 1753 1907 1805 Cosso·
1944 1754 2119 1795 Cornelio
2146 1755 2340 1807 Lentulo,
2368 1759 2428 1800 L.

288 1831 432 1885 Pisone
459 1828 634 1884 Augure
659 1826 763 1879 Coss:
819 1824 915 1865 Duo
949 1822 1005 1873 Q.
1041 1822 1100 1873 Q.
1128 1821 1358 1870 scaevolas,
1387 1822 1514 1862 claros
1542 1821 1732 1863 Cicerone
1751 1823 1892 1873 juvene
1913 1823 2014 1872 juris
2041 1824 2164 1864 civilis
2190 1824 2343 1866 scientia
2369 1829 2428 1867 vi·

288 1911 355 1943 ros
369 1928 384 1951 ,
411 1899 549 1940 eodem
577 1894 698 1935 modo
726 1904 749 1932 a
773 1890 811 1932 se
835 1890 1005 1932 invicem
1030 1888 1229 1931 distinctos
1243 1918 1258 1940 ,
1300 1901 1393 1930 cum
1418 1889 1511 1929 alter
1546 1889 1736 1943 Pontifex
1772 1891 1865 1931 aiter
1901 1892 2052 1947 Augur
2090 1893 2306 1946 diceretur,
2335 1896 2428 1938 satis

291 1968 474 2011 omnibus
499 1973 592 2007 nota
618 1974 680 2003 res
718 1970 792 2002 est.
846 1960 1029 2001 Similiter
1064 1972 1157 2000 cum
1195 1959 1282 2000 duo
1316 1957 1436 1999 essent
1460 1959 1631 2011 Augusti
1658 1969 1781 2001 aetate
1806 1961 1904 2002 Cnei
1929 1962 2112 2012 Lentuli,
2151 1975 2317 2014 quorum
2355 1967 2429 2007 hic

288 2041 342 2083 A
370 2039 427 2079 U.
457 2037 524 2078 C.
540 2034 633 2085 736.
662 2030 899 2074 consulatum
925 2029 1067 2083 gaefit,
1095 2030 1157 2071 ine
1182 2028 1237 2071 A.
1264 2027 1322 2070 U.
1351 2027 1407 2069 C.
1436 2041 1530 2079 740.
1559 2029 1655 2070 alter
1679 2043 1725 2071 ex
1751 2030 1840 2082 his,
1868 2030 2126 2085 distinguendi
2152 2033 2315 2086 caussa,
2343 2036 2425 2078 Cn.

287 2109 482 2155 Lentulus
508 2104 658 2161 Augur
684 2102 895 2153 appellatus
923 2108 996 2141 est.
1033 2098 1118 2140 vid.
1148 2099 1291 2140 seneca
1317 2096 1365 2138 de
1390 2096 1522 2138 Benef.
1552 2098 1611 2140 11.
1630 2111 1668 2140 c.
1697 2100 1766 2139 26.

442 2175 511 2218 111.
539 2174 625 2216 Cn.
655 2172 935 2214 enervamus
973 2170 1101 2219 Piso,
1126 2168 1241 2210 Cum
1276 2166 1389 2219 supra
1413 2167 1540 2219 primo
1574 2169 1665 2209 loco
1691 2171 1891 2211 memorati
1916 2171 2088 2222 Fums,
2116 2173 2326 2215 celebratus
2354 2176 2424 2217 ille

283 2247 484 2292 inimicitia-
507 2242 756 2292 Germanici,
785 2242 900 2292 quein
926 2249 965 2282 et
989 2251 1137 2282 veneno
1162 2236 1347 2279 sustulisse
1373 2237 1542 2279 creditus
1568 2238 1733 2290 ideoque
1761 2240 1865 2291 apud
1877 2239 2043 2282 senatum
2056 2255 2144 2283 reus
2157 2253 2318 2284 mortem
2345 2245 2420 2287 fibi

286 2317 366 2371 ipse
392 2312 578 2357 conscivit
599 2311 652 2352 A.
682 2310 739 2352 U.
758 2310 810 2352 C.
842 2321 935 2362 773.
963 2307 1076 2350 senex
1098 2308 1203 2360 iam,
1230 2315 1277 2348 ut
1299 2315 1405 2357 patet
1429 2319 1476 2348 ex
1500 2306 1619 2359 ipfius
1641 2307 1855 2359 codicillis,
1884 2321 2010 2360 quos,
2038 2305 2305 2353 adTiberium
2316 2314 2422 2366 Imp.

289 2387 431 2436 datoS,
457 2383 593 2424 recitat
630 2380 793 2421 Tacitus
819 2378 886 2419 ΙΙΙ.
915 2377 1058 2419 Annal.
1096 2388 1134 2417 c.
1171 2375 1249 2417 .16.
1312 2374 1467 2417 Horum
1492 2377 1595 2418 enim
1622 2377 1663 2419 in
1702 2376 1778 2419 fine
1810 2376 2020 2430 scriptum:
2048 2381 2132 2422 Per
2168 2385 2339 2437 quinque
2378 2395 2420 2426 et

286 2455 559 2514 quadraginta
593 2463 783 2493 annorum
824 2448 1040 2503 obsequium
1053 2475 1069 2500 ,
1092 2456 1165 2501 per
1191 2447 1392 2502 collegium
1420 2446 1657 2500 Consulatus
1679 2446 1874 2501 quondam
1902 2449 1970 2491 D.
1997 2449 2181 2505 Augusto
2202 2480 2217 2501 ,
2245 2457 2420 2506 parenti

288 2537 355 2568 tuo
369 2554 385 2576 ,
406 2523 621 2578 probatus,
648 2530 689 2562 et
713 2520 790 2562 tibi
815 2521 965 2561 amicus
978 2545 994 2567 ,
1023 2529 1092 2557 nec
1118 2516 1333 2570 quidquam
1350 2517 1534 2569 posthaec
1558 2526 1800 2569 rogaturus,
1820 2519 1989 2570 salutem
2004 2519 2172 2571 infelicis
2186 2521 2275 2571 filii
2297 2536 2410 2576 rogo.

285 2596 391 2638 Patet
416 2594 533 2645 igitur
549 2620 564 2642 ,
592 2589 816 2641 obsequium
842 2599 929 2629 eum
955 2579 1145 2639 praeetare
1170 2586 1354 2639 Augusto
1382 2585 1548 2638 coepisse
1574 2597 1677 2628 anno
1700 2587 1780 2640 jam
1808 2588 1863 2629 U.
1880 2589 1930 2631 C.
1961 2589 2053 2639 728.
2081 2587 2162 2640 lpss
2175 2589 2272 2642 imp.
2290 2592 2418 2634 Tibe-

288 2666 367 2707 rius
387 2663 491 2715 apud
517 2661 648 2703 Tacit.
675 2660 744 2701 III.
771 2672 833 2701 12.
862 2670 948 2699 eum
966 2659 1101 2713 patris
1120 2657 1190 2711 sui
1213 2658 1386 2713 legatum
1411 2667 1530 2714 atque
1548 2660 1714 2699 amicum
1734 2657 1861 2712 fiaisse
1881 2666 2054 2700 testatur.
2103 2657 2307 2712 *Legatum
2323 2663 2415 2704 Au-

284 2744 402 2789 gusto
438 2734 478 2775 in
496 2730 685 2784 Hispania
712 2727 826 2771 fuisie
852 2726 1006 2780 Lipfius
1037 2727 1191 2780 collegit
1228 2740 1277 2771 ex
1306 2727 1390 2781 sqq.
1419 2728 1489 2770 ubi
1529 2726 1768 2771 accusatores
1792 2728 1846 2771 illi
1870 2758 1885 2780 ,
1902 2727 2018 2769 -inter
2048 2735 2176 2770 vetera
2214 2730 2409 2783 crimina,

286 2803 487 2857 ambitiose
511 2812 706 2857 avareque
738 2799 914 2841 habitam
946 2798 1183 2854 Hispaniam
1207 2797 1389 2851 obiecisse
1415 2797 1621 2850 dicuntur,
1661 2797 1704 2840 d.
1739 2800 1798 2850 1.‚·
1835 2812 1872 2839 c.
1912 2811 1976 2852 13.
2027 2798 2143 2841 Forte
2178 2799 2407 2853 Augustum

283 2874 437 2922 iecutus
470 2873 512 2918 in
539 2870 808 2917 Cantabricam
834 2862 1112 2923 expeditionem
1137 2870 1189 2915 A.
1217 2868 1274 2913 U.
1302 2868 1354 2911 C·
1386 2880 1481 2924 729.
1505 2869 1617 2925 cujus
1655 2881 1793 2915 comes
1817 2871 1933 2914 etiam
1971 2868 2159 2915 Tiberius
2191 2870 2269 2914 fuit
2291 2871 2406 2925 (vid.

1307 2938 1350 2981 H
1375 2949 1403 2981 a
