2709 3430
762 2 1282 85 ·1‘:<P>1s⁹ro.1.A
1334 9 1439 53 An
1491 9 1953 55 lusorias.⁴
2370 24 2424 74 ⁴52

295 120 550 169 murana
580 122 640 157 ’νῦν
670 121 750 165 πρὶς
782 119 951 164 Θηβαίους
984 110 1148 165 πόλεμον,
1186 121 1349 157 nuatum
1378 120 1531 165 Διομήδει
1565 124 1623 159 καὶ
1653 124 1894 176 numia-adae
1927 125 2006 169 μετ’
2041 125 2146 163 ἔνο-σν
2164 170 2166 172 r
2186 129 2265 170 τούς
2297 130 2425 174 'emsa-4-

243 231 247 234 ,
295 190 441 236 ἔχθροῦς.
471 189 665 235 swein-a
684 187 825 234 δ’ὃκείνῳ
854 192 915 227 τῆν
935 183 1138 230 Aha-dnm,
1165 186 1269 225 αὖτὶν
1288 186 1337 231 ἔις
1359 184 1571 234 Α’κιρνίνιαν
1590 193 1781 246 numm,
1807 207 1841 230 κ.
1870 207 1906 230 τ.
1935 200 1972 231 λ.
2001 193 2122 235 Possit
2155 194 2245 237 inde
2280 199 2422 248 proba-

295 256 422 297 biliter
446 256 605 313 elicere,
632 254 798 298 reditum
826 253 1026 295 Diomedis
1059 254 1101 295 in
1126 253 1343 305 Aetoliam,
1371 254 1474 297 unde
1499 266 1605 307 pater
1634 257 1717 310 ejus
1743 258 1904 311 i'ydeus
1931 263 2172 316 exulaverat,
2215 266 2323 309 illum
2357 268 2393 321 ig
2398 269 2425 309 i

294 335 359 368 tur
390 326 555 370 reditum
593 324 753 367 omnino
785 322 988 376 peculiaris
1021 304 1184 376 alicujus
1225 323 1403 367 carminis
1435 325 1627 366 materiam
1661 325 1797 379 fuisse,
1826 329 1939 383 cujus
1968 340 2103 373 auctor
2138 335 2263 389 inepte
2298 349 2428 378 naria-

293 395 455 437 tionem
467 392 570 435 suam
607 393 655 435 ab
691 393 847 435 interitu
879 392 988 435 orsus
1023 392 1120 434 esset
1150 391 1351 444 Meleagri.
1400 393 1482 433 Sed
1493 381 1622 446 longe
1664 397 1778 436 c'ario
1782 410 1800 436 r
1837 407 1962 440 tamen
1989 403 2081 441 alter
2120 405 2180 444 ille
2215 408 2422 447 Diomedis

291 466 410 512 νότος,
446 473 528 515 quo
561 460 682 504 redux
708 474 730 503 a
757 462 908 515 Troia,
935 461 1105 514 cognitis
1143 461 1276 502 uxoris
1313 461 1513 512 Aegialeae
1539 471 1576 501 et
1603 464 1761 503 adulteri
1790 468 1973 506 Cometae
2000 470 2166 522 insidiis,
2193 475 2326 515 iterum
2356 490 2425 516 na-

288 541 383 587 vem·
406 531 625 573 conscendit
650 540 687 572 et
714 540 804 583 post
830 532 975 572 multos
1005 542 1153 571 errores
1170 530 1210 571 in
1238 530 1467 570 Daunorum
1494 530 1634 571 finibus
1668 529 1860 584 consedit,
1893 549 2006 586 quem
2033 544 2123 581 νεςω
2150 541 2225 581 five
2251 546 2417 585 reditum

289 599 494 641 Diomedis
516 601 608 651 quin
641 600 908 641 celebrandum
936 599 1005 653 fibi
1032 610 1142 642 vetus
1171 600 1306 650 aliquis
1332 603 1449 651 poeta
1474 600 1641 641 sumserit
1670 602 1791 653 (forte
1828 614 1865 644 et
1891 607 2020 656 plures
2060 611 2220 660 poltac)
2250 613 2424 654 dubitare

289 679 362 710 nos
392 680 471 710 non
507 668 632 711 linunt
664 670 828 722 plurima
864 678 1032 710 veterum
1068 677 1295 719 auctorum,
1323 669 1498 720 inprimis
1527 670 1755 711 Latinorum
1783 677 1930 723 poetar
1925 688 1984 714 um
2006 678 2126 726 ‚loca
2151 692 2197 719 ex
2222 680 2290 721 illo
2319 685 2424 723 velut

289 740 486 780 communi
494 739 613 781 'fonte
638 740 817 781 derivata.
840 739 936 780 Vid.
961 740 1091 791 Heyn.
1103 740 1190 779 Vir.
1220 739 1285 779 Cl.
1315 738 1354 778 in
1381 739 1479 778 Exc.
1504 739 1550 778 ad
1579 743 1678 781 Aen.
1709 741 1754 783 11.
1784 756 1846 793 pr.
1878 755 1914 784 et
1942 746 2041 787 Aen.
2070 747 2158 788 Vll.
2178 763 2216 790 v.
2237 753 2317 802 640
2335 752 2420 804 sqq

286 806 396 849 Illum
426 808 538 862 igitur
566 808 727 849 reditum
755 808 866 848 etiam
894 807 1101 847 Horatium
1129 808 1173 846 h.
1201 807 1230 846 l.
1259 806 1440 855 spectasse
1467 808 1560 845 mihi
1589 818 1742 858 quoque
1767 812 2021 853 verosimilius
2048 817 2222 866 videnu-
2252 833 2338 859 curn
2370 824 2425 859 (1,

288 877 401 929 supra
429 879 556 927 dicta,
584 889 667 917 tum
691 877 834 925 etiam,
862 875 970 925 quod
996 875 1044 914 ab
1071 875 1148 915 hoc
1167 882 1280 913 certe
1312 872 1436 912 reditu
1471 875 1592 925 magis
1622 888 1793 918 remotus
1819 879 2004 933 Meleagri
2028 884 2226 935 interitus,
2257 902 2372 937 quam
2403 905 2422 931 a

284 946 489 988 Diomedis
513 946 553 985 in
574 945 766 984 'Aetoliam
795 945 950 984 reditu
938 972 951 994 ,
979 947 1129 995 poetae
1143 944 1270 992 illius,
1307 939 1382 981 five
1399 942 1724 996 isAndmachns,
1764 946 1839 989 five
1859 950 1955 990 alius
1982 950 2118 1002 fuerit,
2134 952 2424 1009 fiveGraecus

284 1014 359 1059 five
390 1026 491 1055 unus
516 1026 562 1054 ex
589 1015 809 1064 aequalibus
834 1014 1013 1062 Horatii,
1050 1013 1221 1063 ineptum
1250 1022 1287 1052 et
1315 1012 1538 1063 imprudens
1561 1014 1760 1057 confilium
1789 1019 1928 1059 clarius
1957 1033 2138 1072 apparere
2164 1025 2278 1068 facit.

439 1096 481 1125 v.
516 1084 606 1134 148.
634 1084 683 1122 In
711 1083 856 1123 medias
878 1097 953 1122 res.
983 1092 1058 1121 cet.
1124 1081 1340 1121 Lambinus
1371 1090 1408 1121 et
1444 1081 1621 1124 Batteux.
1664 1098 1901 1137 exponunt,
1940 1098 1983 1129 ut
2023 1104 2094 1131 nos
2130 1093 2168 1134 in
2204 1088 2423 1147 paraphrasi

247 1197 250 1208 ⁸
279 1155 467 1196 fecimus:
496 1163 630 1190 verum
660 1152 811 1190 Dacier.
833 1151 987 1193 medias
1019 1164 1080 1189 re·
1102 1149 1276 1201 intelligit
1294 1150 1593 1203 indifferentes,
1620 1153 1735 1200 fldem
1759 1166 1861 1197 recte
1884 1167 2008 1199 autem
2036 1160 2215 1204 Sanadon
2247 1164 2421 1217 observat

283 1225 361 1264 hoc
397 1233 609 1273 repugnare
631 1220 840 1260 contextui.
893 1220 990 1260 Non
1017 1220 1116 1259 enim
1130 1219 1224 1259 dicit
1250 1219 1466 1261 Horatius:
1496 1221 1665 1263 celeriter
1690 1223 1871 1264 lectorem
1899 1225 2007 1267 ducit
2029 1238 2100 1280 per
2126 1228 2271 1275 medias
2299 1248 2357 1276 res
2371 1237 2420 1278 ad

283 1292 400 1344 ipsam
428 1291 644 1338 actionem,
672 1287 733 1327 sed
761 1290 802 1327 in
842 1303 902 1328 res
945 1286 1116 1337 niedias,
1143 1291 1186 1330 in
1213 1287 1335 1342 ipstm
1368 1292 1582 1342 actionem,
1609 1300 1656 1333 ut
1688 1292 1864 1345 neglecto
1901 1295 2036 1338 ordine
2075 1297 2265 1342 historico
2294 1317 2373 1347 non
2399 1319 2425 1359 a

280 1362 416 1415 primis
442 1360 504 1400 sed
531 1373 553 1399 a
579 1356 714 1398 mediis
741 1357 856 1398 rebus
884 1356 1136 1399 narrationem
1163 1355 1348 1410 incipiat3
1373 1357 1517 1411 prImas
1553 1367 1678 1401 autem
1705 1356 1869 1414 postea,
1910 1365 2155 1409 commodam
2195 1373 2317 1425 magis
2357 1386 2423 1422 ος.

280 1431 468 1473 cassonem
496 1438 658 1478 nactus,
685 1426 862 1479 exponat.
903 1425 1011 1478 quod
1049 1425 1227 1470 eximium
1268 1426 1430 1470 Homeri
1456 1429 1497 1471 in
1533 1427 1703 1482 Odyssea
1737 1430 1938 1473 artificium
1978 1436 2179 1488 quomodo
2207 1443 2425 1486 aemulatus

279 1500 325 1543 sn
352 1499 538 1552 Virgilius
563 1498 607 1540 in
622 1496 817 1549 Aeneide,
846 1496 988 1539 nemini
1014 1509 1094 1540 non
1121 1497 1315 1550 prorsus
1304 1510 1345 1540 m
1372 1498 1506 1540 litteris
1531 1498 1679 1552 hospiti
1705 1500 1880 1553 ignotum
1908 1512 1979 1544 est.
2009 1505 2149 1548 Versus
2176 1509 2294 1562 igitur
2313 1517 2420 1567 148,

278 1579 455 1614 utrecte
435 1567 655 1678 vobservat
677 1566 889 1617 Sanadon,
916 1567 1111 1620 prioribus
1138 1567 1295 1609 inservit
1318 1569 1568 1621 explicandis.

492 1651 602 1692 1.54
632 1640 676 1682 Si
694 1638 870 1692 f'autort's
892 1651 992 1693 eges.
1024 1648 1099 1681 cet.
1156 1638 1219 1680 Sic
1245 1649 1321 1691 pro
1351 1640 1499 1693 vulgari
1511 1642 1712 1696 plausoris
1738 1641 1844 1684 dedit
1882 1645 2096 1699 Bentlejus,
2128 1651 2195 1702 qui
2228 1654 2421 1696 rusticam

277 1707 616 1769 inconcinnitatem
651 1708 849 1749 sementiae
863 1737 877 1759 ‚
905 1709 1103 1762 plauson's
1117 1736 1132 1758 ‚
1170 1711 1241 1770 qut·
1258 1707 1409 1768 sedeat
1420 1723 1540 1763 usque
1559 1710 1616 1750 ad
1621 1711 1835 1764 plaudite
1863 1713 2030 1753 Horatio
2045 1728 2125 1756 non
2150 1720 2414 1770 imputandam
2445 1736 2450 1738 ⁷

279 1764 356 1823 esse
382 1780 521 1830 docet,
551 1778 714 1829 ideoque
740 1767 915 1830 fautoris
943 1777 1047 1828 legit.
1105 1776 1181 1816 Sed
1195 1776 1248 1817 fic
1273 1777 1532 1828 antiquisfima
1557 1780 1627 1818 erit
1645 1780 1797 1820 menda.
1854 1781 1989 1824 Acron
2004 1786 2233 1839 Plausoris,
2262 1792 2414 1844 inquit,

279 1850 318 1893 η
345 1849 529 1904 plostris,
561 1860 652 1888 nam
676 1856 714 1888 et
735 1847 895 1901 plodere
928 1855 1069 1887 veteres
1094 1856 1132 1887 et
1151 1846 1348 1900 plaudete
1374 1847 1582 1897 dicebant,
1610 1858 1658 1889 ut
1683 1850 1867 1890 claudere
1893 1862 1932 1892 et
1963 1855 2129 1896 cludere.
2188 1858 2418 1904 Haberfeld,

277 1921 318 1962 in
339 1920 562 1964 Comment.
587 1915 634 1956 ad
657 1916 696 1956 h.
718 1916 747 1955 l.
777 1914 923 1956 versum
954 1924 970 1955 ι
979 1924 1045 1967 55.
1073 1915 1303 1967 ejiciendum
1325 1915 1520 1956 censuerat
1537 1944 1552 1966 ,
1581 1917 1686 1967 quast
1710 1919 1746 1959 is
1758 1919 1909 1960 Horatii
1937 1935 2015 1963 non
2032 1925 2147 1966 esset:
2177 1929 2260 1979 ipse·
2285 1941 2413 1974 tamen

279 1980 414 2043 postca
446 1994 546 2027 recte
571 1984 673 2024 suam
708 1983 938 2035 improbavit
967 1984 1213 2035 opinionem,
1239 1986 1277 2024 in
1308 1986 1574 2024 additamentis
1600 1999 1642 2036 p.
1675 1998 1724 2038 53
1736 2001 1767 2028 r.
1808 1999 1845 2028 et
1876 1990 1957 2042 sqq.
2013 1994 2103 2034 Hoc
2133 1998 2267 2038 eodem
2300 2002 2412 2042 versu

278 2059 483 2100 Cantorem
512 2054 728 2106 Bentlejus‚
758 2053 806 2092 ad
833 2052 1002 2092 Terentii
1018 2053 1187 2102 Andriae
1208 2053 1355 2104 yersum
1387 2055 1589 2104 ultimum,
1631 2055 1849 2098 Tibicinem
1878 2062 2071 2112 exposuit:
2101 2066 2218 2108 Alius
2252 2079 2309 2110 est
2339 2086 2406 2112 ac.

278 2139 340 2170 tor
356 2157 370 2176 ‚
396 2125 548 2176 inquit,
575 2125 678 2164 alius
704 2132 853 2164 cantor.
894 2122 1055 2163 Actores
1077 2124 1119 2164 in
1147 2124 1219 2164 hac
1241 2123 1399 2165 Andria
1410 2127 1630 2177 primarum
1657 2135 1695 2166 et
1713 2128 1974 2179 secundarum
1992 2138 2171 2185 partium
2194 2139 2404 2182 Ambirius

277 2207 314 2240 et
336 2197 489 2238 Atilius
510 2202 625 2234 erant
640 2207 655 2233 .·
678 2195 886 2233 tertiarum
898 2194 1076 2245 partium
1105 2202 1241 2243 actor,
1269 2203 1313 2234 ut
1332 2203 1421 2246 pote
1446 2194 1631 2248 ignobilis
1645 2223 1659 2243 ,
1700 2209 1889 2250 nusquam
1935 2214 2190 2246 memoratur.
2254 2210 2404 2252 Cantor

275 2277 404 2309 autem
427 2265 592 2306 Flaccus
616 2260 774 2302 Claudii
787 2260 927 2313 filius,
955 2264 1026 2315 qui
1045 2262 1157 2304 thiis
1170 2263 1340 2316 paribus
1369 2264 1533 2305 canebat
1555 2262 1704 2306 dextris
1733 2277 1772 2307 et
1794 2268 1980 2320 sinistris--
2037 2272 2149 2329 Ergo
2171 2290 2258 2318 cum
2283 2279 2403 2322 Aeto.

273 2351 332 2378 res
356 2349 479 2377 omnes
509 2348 554 2376 ex
569 2332 688 2386 scena
716 2333 894 2381 exirent,
923 2334 1094 2376 cantoris·
1114 2341 1229 2383 erat,
1258 2331 1429 2387 depositis
1453 2346 1503 2374 ex
1528 2346 1590 2375 ore
1615 2334 1751 2385 tibiis,
1777 2339 1956 2390 plaudite
1984 2342 2179 2395 infimare.
2223 2346 2298 2389 Sed
2323 2350 2409 2394 hoc

275 2404 451 2460 quamvis
476 2401 710 2456 ingeniosum
742 2410 1031 2452 commentum,
1058 2412 1220 2451 vereor,
1247 2411 1291 2442 ut
1313 2401 1466 2442 Horatii
1493 2403 1584 2442 loco
1611 2402 1697 2444 satis
1729 2405 1915 2450 firmetur.
1973 2411 2087 2453 Certe
2112 2426 2303 2458 cantorem
2326 2432 2413 2471 pro

272 2487 401 2519 actore
427 2473 540 2515 etiam
570 2472 711 2514 Cicero
745 2471 886 2522 dixit,
905 2470 1075 2512 oratione
1100 2482 1173 2522 pro
1199 2471 1356 2522 Sexti0,
1379 2483 1466 2523 cap.
1496 2482 1563 2524 55.
1598 2485 1670 2515 nec
1698 2487 1804 2528 non,
1832 2478 1971 2522 citatus
1992 2482 2103 2524 etiam
2138 2497 2162 2526 a
2189 2487 2414 2532 Palmam>

273 2545 320 2599 ad
344 2544 445 2588 h.1.
473 2540 700 2587 Prudentius
735 2550 868 2584 contra
896 2540 1169 2593 Symmachum
1195 2540 1288 2583 Lib.
1317 2541 1366 2582 Π.
1398 2552 1465 2583 10.

703 2631 759 2672 Ut
787 2630 980 2685 Tragicus
1008 2638 1147 2670 cantor
1172 2630 1282 2685 ligno
1303 2633 1409 2684 tegit
1436 2643 1503 2672 ora
1533 2641 1696 2682 cavato,

700 2700 862 2742 Grande
889 2699 1051 2754 aliquod
1073 2700 1187 2757 cujut
1205 2710 1279 2752 per
1305 2700 1454 2742 hiatum
1482 2703 1626 2748 critnm
1652 2702 1833 2745 anhelet-

267 2825 390 2864 neque
418 2809 634 2860 immerit0‚
663 2819 750 2850 cum
780 2819 821 2849 re
839 2819 937 2852 *vera
964 2805 1091 2850 versus
1118 2816 1272 2850 caneret
1299 2808 1349 2850 ad
1375 2809 1512 2851 modos
1537 2809 1732 2852 musicos.

426 2894 469 2924 v.
501 2881 594 2932 156.
650 2878 807 2924 Aetatis
834 2879 1022 2935 cujusque
1048 2878 1213 2921 notandi
1227 2878 1326 2932 fiant
1364 2893 1496 2922 mores.
1536 2890 1610 2923 cet.
1666 2882 1848 2922 Actutum
1888 2894 2020 2924 mores
2058 2887 2170 2926 eiiam
2212 2885 2406 2929 Aristus>

1344 2950 1374 2989 P
1404 2963 1427 2989 2
