2709 3430
1290 5 1297 26 l

313 182 476 228 Etenim
505 182 554 227 ad
581 180 781 225 consilium
809 179 964 225 Horatii
989 185 1092 223 recte
1117 178 1390 234 exponendum
1417 177 1543 232 primo
1587 177 1744 231 quidem
1786 186 1825 222 et
1840 187 1938 222 ante
1962 178 2415 241 omniasrequinbdtug

268 264 317 295 ut
347 268 439 296 cum
464 253 607 306 lingula
619 255 764 304 poetae
789 252 1023 302 verba,tum
1039 259 1078 292 et
1114 262 1257 294 nexum
1287 249 1549 293 universorum
1564 279 1580 302 ,
1597 257 1763 302 apteque
1777 250 2069 293 cohaerentium
2091 249 2200 292 inter
2224 249 2260 291 le
2277 245 2425 294 stateri-

278 324 417 364 tiarum
459 323 634 364 ordinem
670 321 919 373 probabiliter
944 330 983 362 et
1019 319 1096 372 ipse
1121 320 1358 373 perciperem
1381 328 1420 362 et
1445 332 1540 370 vero
1566 326 1749 373 percepta
1774 319 1890 361 etiam
1917 320 1999 361 aliis
2025 319 2280 373 impertirem.
2309 362 2311 364 ,
2332 319 2418 361 Nisi

277 392 382 435 enim
413 390 460 433 de
477 383 638 443 singulis
669 389 770 433 locis
793 401 1008 443 eorumque
1045 389 1142 433 inter
1169 388 1205 432 se
1233 389 1473 433 connexione
1495 386 1711 439 coristaret,
1731 386 1839 429 haud
1861 387 1974 430 facile
1988 399 2233 441 ‘quemquam
2260 386 2308 429 de
2333 380 2423 429 uni-

276 459 373 503 versi
406 459 535 513 operis
572 458 720 503 summa
734 490 750 513 ,
789 461 963 513 ratione,
1002 459 1191 514 confluo,
1230 472 1378 503 certum
1403 469 1469 502 aut
1507 458 1707 514 probabile
1740 458 1839 501 ferre
1866 451 2061 513 judicium
2088 458 2228 511 poste,
2253 459 2296 499 id
2323 469 2418 502 veto

276 531 439 572 clamare
465 529 564 572 mihi
587 541 652 572 res
679 530 757 583 ipsa
783 530 1002 574 videbatur.

329 599 454 653 Igitur
499 599 771 652 disputationis
807 609 959 641 nostrae
1000 601 1138 654 Capite
1171 602 1332 641 PrImo
1343 611 1496 642 carmen
1532 601 1686 643 Horatii
1712 601 1753 642 in
1778 600 1939 641 solutam
1973 597 2189 640 orationem
2228 599 2424 641 conveni·

273 681 390 719 mus,
426 669 585 721 eJusque
624 669 731 709 velut
766 670 1043 720 expositionem
1065 669 1146 709 sive
1175 669 1432 719 Paraphrasin
1451 670 1721 711 exhibuimus.
1750 670 1868 711 verba
1902 668 2149 719 exquisitiora
2172 667 2241 708 aut
2267 667 2423 719 poetica

272 740 312 780 iu
340 747 430 779 nota
458 737 578 788 magis
603 745 644 777 et
669 737 841 788 vulgat-la
869 737 1218 787 commutavimus;
1246 734 1447 778 sententias
1461 765 1477 786 ‚
1496 747 1612 787 quae
1639 736 1784 786 aliquid
1811 737 1984 787 impediti
2011 737 2150 782 habere
2174 736 2421 786 viderentur,

275 804 591 856 explanavimus3
634 805 812 845 locorum
852 816 945 846 vero
985 816 1031 844 ac
1067 805 1347 857 cogitationum
1374 807 1513 856 poetae
1551 804 1648 844 inter
1674 803 1710 844 se
1734 804 2012 844 connexionem
2028 831 2043 853 ,
2071 805 2220 855 qualem
2248 804 2423 854 -quidem

275 885 358 915 eam
394 873 508 915 nobis
542 873 674 914 animo
713 873 1044 925 informabamus,
1082 882 1347 925 quantumque
1385 873 1468 913 fieri
1497 872 1603 913 -illud
1630 882 1781 925 poterat
1796 901 1811 923 ‚
1836 872 1979 912 additis
2005 873 2067 912 vei
2093 871 2300 923 interjectis
2325 884 2423 913 non-

273 943 417 994 nullis,
454 943 725 984 indicavimus.
782 943 849 986 Ad
885 944 1038 995 singula
1067 952 1193 984 autem
1225 944 1335 994 quasi
1361 943 1406 984 in
1438 942 1651 984 consilium
1666 942 1843 1000 optimos
1867 942 2012 993 semper
2033 941 2286 985 adhibuimus
2307 941 2428 983 inter-

272 1020 429 1065 pretes,
470 1021 507 1052 ot
547 1011 643 1050 illud
686 1012 868 1061 quidem,
903 1011 1016 1060 quod
1058 1022 1134 1050 una
1173 1007 1348 1050 omnium
1385 1010 1640 1051 ⁴consentienti
1675 1023 1774 1051 voce
1812 1009 2060 1056 constitutum
2087 1008 2308 1061 esset,·pro
2332 1011 2424 1051 vero

271 1081 490 1122 habendum
518 1079 594 1120 esse
623 1080 820 1120 duximus.
878 1079 959 1120 Ubi
982 1091 1073 1120 vero
1100 1079 1199 1120 inter
1225 1078 1261 1119 se
1287 1079 1558 1129 dissentirent,
1586 1080 1702 1120 utrius
1734 1078 1891 1130 quidem
1924 1092 2021 1130 prae
2041 1078 2183 1119 ceteris
2204 1076 2426 1126 sententian

273 1150 447 1202 amplecti
469 1149 704 1201 debuimus3
732 1148 1071 1200 allorum‘tamen,
1102 1158 1204 1189 certe
1232 1149 1444 1191 nobiliores
1475 1149 1587 1200 ilias,
1618 1148 1752 1190 itidem
1778 1148 1820 1190 in
1858 1147 2103 1190 annotatione
2120 1145 2289 1200 subiecta
2316 1158 2428 1188 com-

271 1220 598 1268 memoravimus,
625 1219 812 1270 appositis
840 1219 957 1258 simul
982 1219 1082 1258 locis
1109 1228 1306 1268 veterum,
1340 1230 1443 1269 quae
1464 1219 1558 1259 huic
1595 1219 1656 1259 vel
1687 1218 1742 1259 illi
1769 1217 2072 1268 interpretationi
2096 1216 2237 1258 favere.
2251 1216 2427 1259 videren-

271 1299 353 1330 tur.
382 1289 449 1330 An
486 1286 611 1340 ipsum
644 1288 786 1330 Poetae
818 1297 966 1329 textum
1003 1287 1257 1338 adderemus,
1290 1286 1526 1339 aliquamdiu
1561 1284 1716 1339 quidem
1745 1286 2018 1328 haesitavimus
2047 1285 2205 1341 incerti:
2233 1284 2426 1339 poſtremo

272 1368 403 1400 tamen
429 1357 469 1399 in
491 1357 702 1409 legentium
736 1355 988 1398 commodum
1018 1356 1157 1399 addere
1192 1356 1486 1399 constituimus.
1519 1366 1608 1398 rum
1630 1365 1676 1398 et
1704 1357 1746 1398 iu
1777 1355 1947 1408 margine
1973 1353 2126 1399 summa
2146 1367 2277 1399 rerum
2301 1356 2429 1407 capita

282 1426 492 1468 adscribere
513 1425 633 1466 visam
657 1424 748 1468 fuit.

282 1522 288 1527 .
337 1494 446 1547 Quia
483 1492 610 1536 tamen
639 1493 680 1536 in
713 1493 791 1536 hoc
830 1507 946 1548 opere
979 1496 1069 1538 loca
1100 1497 1356 1541 occurrebant
1381 1496 1489 1540 haud
1509 1506 1661 1550 pauca,
1692 1496 1742 1539 ad
1769 1507 1867 1549 quae
1881 1504 2051 1550 *propter
2076 1497 2277 1550 insignem·
2292 1506 2429 1539 eorum

282 1562 545 1605 difficultatem
559 1593 575 1614 ‚
599 1572 666 1604 aut
690 1574 872 1616 magnum
890 1564 940 1606 ad
963 1565 1085 1607 totius
1106 1567 1287 1609 carminis
1309 1564 1496 1627 rationem
1513 1566 1793 1620 intelligendam
1808 1574 2046 1608 momentum
2064 1556 2284 1617 ‚variasque
2312 1564 2435 1607 deiis

281 1632 526 1676 eruditorum
546 1632 752 1685 opiniones
768 1663 784 1684 ,
812 1633 920 1677 brevi
944 1633 1188 1677 annotatione
1206 1633 1367 1689 defungi
1387 1633 1612 1678 baud'satis
1635 1644 1806 1689 poteram
1824 1665 1839 1688 ‚
1880 1634 2001 1678 visum
2033 1643 2092 1676 est
2118 1634 2337 1676 uberiorem
2364 1644 2432 1674 eo-

283 1714 373 1744 rum
395 1702 722 1762 explicationem
712 1715 754 1743 m
783 1703 913 1756 Caput
933 1703 1087 1756 rejicere
1107 1704 1344 1758 ficundune.
1389 1704 1465 1745 Sic
1507 1704 1625 1756 igitur
1659 1704 1814 1744 Horatii
1843 1704 2023 1746 sententia
2056 1715 2132 1754 pro
2153 1714 2241 1743 meo
2272 1704 2431 1752 quidem

280 1779 403 1824 captu
429 1759 663 1820 constituta,
690 1769 739 1810 ad
768 1770 942 1822 reliqua,
973 1782 1072 1823 quae
1107 1771 1147 1813 in
1182 1772 1335 1812 Horatii
1359 1771 1516 1812 consilio
1540 1772 1770 1824 explicando
1791 1772 1917 1812 omitti
1933 1783 2015 1812 non
2032 1780 2238 1823 poterant,
2262 1772 2429 1829 perrexi.

286 1840 421 1892 ltaque
447 1841 586 1895 Capite
614 1843 730 1881 tertio
754 1839 1029 1890 inquirendum
1053 1840 1165 1882 duxi
1178 1841 1244 1883 de
1247 1840 1446 1893 personis,
1475 1842 1619 1891 quibus
1642 1853 1744 1893 opus
1771 1840 1880 1881 suum
1921 1839 2112 1881 Horatius
2138 1840 2357 1895 inscripsit,
2384 1852 2432 1883 ex

283 1919 367 1962 quo
395 1908 519 1963 capite
536 1907 620 1949 sane
636 1936 651 1958 ,
666 1907 734 1959 qui
762 1907 1082 1951 celebratiffimam
1102 1908 1153 1950 de
1170 1907 1249 1950 hoc
1270 1921 1385 1960 opere
1408 1910 1627 1957 Wielandi‚
1644 1910 1730 1947 Viri
1754 1908 2042 1960 elegantissimi,
2061 1909 2283 1959 opinionem
2301 1921 2435 1952 recor-

286 1976 400 2018 datus
421 1976 565 2028 fuerit,
593 1977 800 2018 maximam
816 1987 964 2030 partem
980 1977 1128 2017 hancce
1160 1978 1461 2030 disputationem
1480 1977 1646 2029 pendere
1663 1989 1745 2017 non
1771 1976 1978 2029 negaverit.
2007 1976 2068 2017 De
2103 1975 2274 2027 personis
2304 1986 2432 2037 autem

283 2045 568 2103 satisconstare
588 2058 668 2088 non
694 2054 871 2099 poterat,
901 2047 973 2088 nisi
1002 2047 1121 2087 simul
1153 2046 1410 2099 inquireretur
1447 2048 1485 2088 in
1523 2056 1708 2097 tempus,
1738 2057 1818 2096 quo
1847 2045 1952 2085 hunc
1991 2045 2132 2085 librum
2159 2045 2310 2087 Auctor
2337 2058 2433 2091 con-

286 2115 487 2166 scripserit.
529 2116 652 2167 Igitur
679 2115 760 2154 duo
779 2116 949 2165 haecce,
977 2115 1155 2167 personas
1181 2125 1219 2155 et
1245 2126 1422 2167 tempus,
1446 2116 1606 2166 J‘unffim
1633 2127 1682 2154 eo
1709 2115 1834 2165 capite
1859 2113 2122 2165 spectavimus.

337 2185 382 2225 in
408 2198 549 2239 quarto
575 2187 714 2240 Capite
740 2176 960 2235 scriptionis
983 2182 1150 2225 formam
1181 2183 1536 2226 consideravimus.
1594 2182 1724 2227 Nobis
1745 2181 1825 2226 esse
1848 2182 2024 2236 Epistola
2051 2181 2267 2230 videbatur.
2295 2207 2298 2213 Δ
2318 2183 2432 2231 Hanc

295 2267 388 2295 vero
428 2256 651 2306 opinionem
685 2263 861 2295 nostram
880 2288 884 2292 .
903 2263 947 2294 ut
979 2254 1090 2295 etiam
1130 2254 1212 2295 aliis
1238 2254 1489 2306 probaremus
1502 2284 1517 2305 ‚
1557 2266 1656 2306 quae
1679 2252 1727 2295 de
1748 2251 1874 2295 forma
1889 2253 2099 2306 Epistolari
2118 2254 2260 2306 passim
2290 2267 2312 2297 a
2338 2256 2431 2299 viris

294 2323 420 2363 doctis
436 2324 574 2363 tradita
594 2323 735 2374 essent,
772 2337 991 2375 apponere,
1034 2322 1170 2365 deinde
1204 2323 1254 2365 ad
1291 2337 1373 2366 eam
1411 2335 1586 2367 normam
1614 2322 1783 2365 auctoris
1822 2324 1945 2365 nostri
1974 2321 2156 2376 scriptum
2189 2324 2432 2378 examinare,

297 2391 555 2433 necessarium
581 2391 777 2434 duximus.
806 2394 909 2435 Cum
951 2393 1026 2434 hac
1060 2392 1283 2443 quaestione
1306 2392 1403 2435 duae
1429 2392 1522 2435 alitte
1546 2405 1739 2436 connexae
1771 2388 1877 2435 ciant
1904 2391 1952 2434 de
1975 2391 2191 2445 scriptionis
2211 2394 2365 2436 materia
2386 2406 2432 2437 ac

309 2461 439 2503 titulo.
496 2460 652 2514 Quibus
674 2460 855 2502 omnibns
878 2460 1113 2512 pertractatis
1142 2461 1299 2519 Quinto
1332 2460 1486 2503 demum
1513 2463 1651 2517 Capite
1687 2460 1964 2515 descriptoris
1984 2472 2106 2515 agere,
2120 2463 2281 2506 consilio
2303 2464 2434 2518 potui·

291 2542 395 2569 muS.
453 2529 545 2569 Hoc
569 2529 686 2579 igitur
708 2529 847 2580 Capite
872 2531 1079 2572 nobiliores
1105 2540 1279 2572 veterum
1307 2542 1352 2573 ac
1373 2530 1627 2572 recentiorum
1653 2530 1892 2572 eruditorum
1927 2531 2063 2584 deillo
2089 2531 2318 2584 sententias,
2346 2533 2431 2574 bre-

299 2599 395 2639 viter
422 2608 458 2638 et
496 2598 887 2639 commemoravimus
912 2597 949 2641 et
983 2612 1071 2641 cum
1104 2597 1217 2651 supra
1251 2599 1364 2641 dietis
1397 2599 1554 2641 collatas
1590 2596 1660 2641 sub
1689 2610 1846 2642 examen
1877 2598 2159 2643 revocavimus.
2188 2605 2191 2608 '
2216 2600 2365 2644 Deinde
2391 2610 2428 2645 et

298 2677 468 2710 nostram
483 2669 805 2719 qualemcumque
821 2667 1036 2711 sententiam
1062 2669 1269 2722 adjecimus
1284 2683 1295 2711 :
1315 2670 1368 2711 ita
1383 2668 1467 2711 fore
1478 2668 1689 2722 sperantes,
1703 2677 1754 2716 ut*
1769 2668 1848 2711 hoc
1862 2678 1962 2712 certe
1970 2670 2126 2712 nomine
2137 2658 2306 2712 nostram
2315 2671 2362 2714 Β.
2376 2670 2433 2715 L.

301 2736 540 2789 probaturus
563 2736 782 2779 industriam
803 2737 921 2790 esstt,
937 2738 1069 2791 quod,
1097 2738 1311 2793 quae'apud
1323 2740 1447 2781 varIOs
1474 2740 1662 2781 Audiores
1684 2737 1806 2791 sparsa
1823 2738 2086 2792 habebantur,
2127 2750 2172 2781 ea
2197 2739 2436 2795 coniunctim

299 2807 367 2852 hic
388 2804 593 2859 spectanda
620 2807 946 2861 exhibuissemus,
978 2820 1058 2862 quo
1085 2808 1236 2852 facssius
1275 2806 1464 2852 variarum
1503 2809 1734 2863 opinionum
1769 2820 1986 2852 commenta
2027 2810 2126 2851 inter
2146 2808 2182 2851 se
2201 2808 2432 2864 conferens,

281 2877 489 2929 judicium
514 2875 591 2928 ipse
616 2889 705 2919 cum
733 2878 781 2919 de
807 2879 990 2932 lingulis,
1020 2889 1102 2923 turn
1136 2882 1183 2924 de
1209 2880 1380 2958 universa
1409 2895 1450 2926 re
1494 2880 1624 2926 ferret.
1678 2878 1884 2934 Quidquid
1914 2880 1985 2934 fit,
2034 2879 2305 2951 indulgentiam
2354 2880 2435 2935 ejus
2479 2929 2495 2939 .,

294 2956 332 2988 et
348 2947 499 2997 juvenis
522 2957 562 2989 et
586 2946 777 2993 scribendi
810 2949 919 2993 rudis
945 2950 1124 3004 imploro.
