2709 3430
288 75 341 115 γι
642 71 645 75 ’
716 64 1268 127 nisum-Arroni:
1307 66 1705 121 Qsflon’rn
1745 67 2025 116 rucei
2106 41 2115 51 ’

290 185 383 223 pera
387 183 589 226 ceptorum
623 174 671 214 de
706 183 786 215 arte
819 176 980 228 poetica
1017 176 1268 228 congeriem,
1295 175 1383 218 satis
1423 188 1506 218 eam
1536 186 1678 220 temere
1705 176 1864 223 factam.
1930 178 2058 232 Quod
2094 178 2144 219 ad
2180 178 2432 231 Neoptolemi

293 243 436 284 librum
470 246 629 293 attinet,
657 256 747 285 eum
775 244 929 297 quidem
954 244 1003 285 ab
1032 244 1199 287 Horatio
1226 247 1365 288 loetum
1396 258 1477 288 non
1507 248 1738 301 negaverim.
1795 248 1894 291 Sunt
1912 256 2038 290 tamen
2063 247 2286 300 plurimam
2309 247 2428 302 hujus

292 312 346 356 sc
338 316 435 364 ipro
449 338 464 362 ,
494 324 596 363 quae
612 314 661 355 ab
681 300 886 358 Aristoteie
900 314 1061 365 potius,
1090 327 1205 366 quam
1228 318 1490 369 Neoptoiemo
1509 325 1728 358 mutuatum
1751 316 1874 370 ipsum
1898 318 1997 359 reete
2024 315 2305 361 asseveratur-us
2334 317 2430 360 mihi

292 382 450 434 videar3
480 382 596 437 longe
625 384 736 436 plura
756 382 867 426 etiam
884 412 901 434 ,
938 396 1038 436 quae
1067 384 1271 428 certissime
1307 386 1405 428 nulli
1433 386 1677 430 Graecorum
1711 396 1873 440 accepta
1905 387 2036 429 retulit
2078 396 2242 439 noster,
2285 396 2350 429 aut
2374 399 2433 429 re-
2520 381 2531 389 ⁴

291 453 394 496 serre
413 454 557 507 potuit.
612 453 733 505 igitur
760 447 980 509 congeriem
1018 452 1097 497 esse
1121 451 1298 499 dicamus
1332 468 1415 499 non
1445 454 1598 500 tantum
1631 450 2015 509 eminentissimorum
2050 456 2429 511 Neoptolemi,sed

291 524 406 568 etism
443 522 688 577 Aristotelis,
713 523 818 567 forte
849 533 887 567 et
914 525 1125 578 aliorum,
1163 535 1263 569 certe
1295 538 1452 580 quoque
1483 519 1600 580 ipsius
1634 526 1788 569 Horatii
1818 533 2144 581 praeceptorum:
2181 539 2265 571 non
2298 537 2427 580 autem

285 605 430 638 temere
461 594 610 637 factam
647 594 778 646 illam,
806 594 867 636 sed
893 595 934 637 in
958 605 1124 637 certum-
1130 595 1266 646 firiem,
1288 595 1524 642 severissimo
1551 608 1646 640 cum
1670 596 1853 642 ἀεὶεόὲιι
1887 597 2027 649 Neque
2057 596 2158 641 enin
2183 605 2265 639 erat
2293 597 2328 639 is
2342 596 2430 645 He-

247 658 251 661 ’
289 666 438 717 ratius,
467 664 535 717 qui
567 665 608 706 in
630 664 846 717 Epistolam
880 664 1100 716 Poeticam,
1128 665 1242 718 cujus
1275 665 1422 719 generis
1446 654 1548 719 opus
1572 667 1654 708 hoc
1676 654 1934 710 censendum‘
1959 665 2038 709 esse
2071 652 2258 720 superiori
2286 666 2428 719 Capite

288 734 529 785 docuimus,
551 732 767 786 quasdam,
797 742 840 775 ut
867 733 1062 785 aliorum,
1091 733 1143 776 ita
1173 732 1260 778 suas
1284 722 1569 778 observationes
1599 746 1806 796 congerere
1823 743 1864 778 et
1880 746 2111 797 coacervare
2136 732 2226 778 satis
2254 731 2429 787 hahens,
2497 738 2502 743 '

287 816 353 845 eas
379 804 477 845 inter
508 802 544 845 se
574 811 806 845 connectere
832 812 871 844 et
898 803 948 845 ad
979 816 1101 845 unum
1132 816 1267 847 omnes
1292 804 1407 855 finem
1428 799 1622 857 intendere
1656 805 1900 868 negligeret.
1933 803 2009 849 Sed
2030 815 2324 866 connexionem
2336 802 2425 857 qui·

285 873 374 914 dem
407 874 508 915 illam
546 881 585 915 et
611 873 652 914 in
689 871 964 934 conscribenda
1001 873 1075 918 hac
1105 873 1287 927 Epistola
1315 876 1456 925 poetae
1490 873 1691 934 confilium
1729 885 1918 926 quaerere
1943 862 2107 931 negient
2133 869 2212 926 mse
2243 872 2426 935 Ρᾳςρίιγτ

282 944 398 994 tion,
427 954 524 995 quae
552 941 582 995 ,fi
604 941 787 994 indagare
806 940 1018 990 voluisset.
1047 941 1177 992 primo
1200 941 1504 992 connexionem,
1529 941 1631 983 forte
1661 932 1742 986 non
1774 939 2020 1005 dIsfimiiem
2023 940 2058 983 ei
2083 971 2101 996 ,
2142 952 2257 995 quam
2284 952 2358 989 nos
2384 940 2426 983 in

281 1012 421 1065 Capite
445 1012 479 1055 Ι.
508 1008 791 1060 indicavimus,
819 1018 928 1052 certe
955 1006 1141 1061 aliquam
1138 1038 1155 1061 ,
1197 1009 1362 1060 deinde,
1392 1010 1612 1055 accuratius
1640 1010 1813 1063 inspecta
1842 1010 2085 1055 connexione
2119 1011 2249 1071 etiam
2263 997 2433 1056 universi

282 1082 414 1134 operis
440 1079 641 1120 consilium
675 1078 901 1130 collegisset.
971 1079 1094 1120 Idem
1109 1080 1261 1123 Acroni
1296 1089 1334 1122 et
1372 1080 1609 1123 Scholiastae
1640 1080 1845 1133 Cruquii·
1888 1078 1993 1121 idem
2032 1078 2146 1121 etiam
2186 1069 2377 1120 Nunnio
2387 1087 2427 1139 et

281 1151 457 1204 Georgia
480 1150 660 1191 Fabricio
674 1149 809 1202 (qu'us
830 1158 888 1191 est
906 1142 1153 1193 summarium
1168 1149 1282 1194 Artis
1293 1149 1473 1201 poeticae
1489 1150 1529 1191 in
1546 1149 1730 1193 Editione
1742 1148 1895 1193 Horatii
1915 1147 2193 1201 Torrentiana)
2214 1148 2426 1200 ceterisque

281 1220 471 1274 objicias,
498 1220 566 1272 qui
590 1220 630 1260 in
652 1220 730 1259 hoc
757 1231 874 1270 opere
902 1210 1307 1273 nihi1,nifi1separata
1330 1231 1351 1260 a
1376 1218 1412 1259 se
1435 1220 1600 1263 invicem
1625 1228 1833 1273 praecepta
1848 1218 2100 1276 spectarunt·
2130 1217 2278 1265 ιιειιιίιιί
2298 1227 2425 1259 autem

281 1292 455 1341 rectius,
487 1301 603 1341 quam
632 1288 849 1337 Dacierio,
872 1289 972 1338 qui,
998 1288 1206 1332 Horatium
1232 1288 1449 1333 summatim
1472 1299 1664 1339 exponere
1683 1295 1888 1341 praecepta
1913 1285 2155 1338 Aristotelis,
2183 1281 2427 1347 aliorumque

281 1360 329 1403 de
362 1361 459 1402 Arte
490 1358 653 1400 Poetica
683 1366 817 1405 ratus,
840 1355 906 1400 Er
933 1370 1101 1407 comme,
1140 1357 1267 1408 inquit
1281 1385 1296 1407 ,
1337 1360 1374 1397 ιἸ
1397 1367 1446 1398 ne
1473 1355 1697 1399 rumillei}
1722 1364 1824 1411 ,pas
1822 1367 1858 1395 a
1881 1355 1964 1397 cela
1985 1342 2043 1397 de*
2051 1355 2161 1409 siaiu
2183 1363 2222 1398 et
2250 1369 2309 1411 qu
2310 1355 2357 1401 'il
2375 1369 2423 1399 ne

278 1430 439 1488 gardoit
466 1427 508 1469 d·
508 1435 626 1468 autre
660 1424 803 1474 ordre,
828 1438 905 1480 que
934 1427 1040 1470 celus·
1051 1425 1127 1468 Aes
1161 1428 1342 1469 mutieres
1364 1438 1439 1482 que
1464 1426 1500 1466 le
1525 1414 1677 1479 hafird
1705 1425 1765 1469 tui
1799 1423 1960 1468 donavit
1995 1438 2024 1467 a
2041 1426 2121 1469 lite
2148 1434 2191 1469 et
2217 1438 2244 1466 a
2279 1420 2427 1468 exami—

283 1514 384 1549 ner,
412 1502 445 1540 il
467 1507 526 1539 est
549 1497 682 1537 arrive
708 1493 757 1535 de
777 1495 818 1534 la
833 1522 848 1544 ‚
877 1508 932 1550 qu
932 1494 980 1535 il
1002 1508 1027 1535 n
1041 1509 1066 1547 5
1097 1509 1123 1534 a
1151 1508 1303 1537 aucune
1339 1492 1510 1537 mathode
1539 1495 1585 1535 m·
1616 1502 1773 1536 aucune
1795 1493 1942 1546 liaison
1976 1492 2029 1535 de
2056 1497 2214 1547 parties
2253 1493 2355 1537 dant
2383 1507 2429 1536 ce

279 1572 434 1619 truite,
462 1569 534 1622 qui
567 1565 688 1606 meme
715 1577 741 1604 n
742 1563 784 1604 'a
800 1563 954 1618 jamais
978 1566 1041 1606 έιέ
1066 1565 1241 1613 acheri,
1283 1563 1440 1606 Horace
1463 1576 1489 1605 n
1490 1562 1625 1616 ’ayant
1647 1572 1724 1616 pat
1756 1577 1804 1604 eu
1822 1564 1858 1604 le
1890 1570 1985 1605 tem
2009 1560 2078 1617 δ’]
2100 1571 2238 1605 mettre
2261 1563 2303 1604 la
2328 1562 2426 1605 der·

283 1643 389 1682 niere
411 1640 552 1686 main,
576 1649 660 1685 ou,
685 1648 724 1677 ct
747 1636 820 1691 qui
842 1643 899 1675 ert
917 1636 1012 1688 plus
1034 1632 1353 1685 vraisbmblable,
1381 1645 1408 1672 n
1410 1632 1544 1686 ὀμιτ
1557 1642 1638 1688 pas
1653 1634 1767 1674 voulu
1788 1647 1807 1675 s
1808 1632 1869 1674 ‘en
1890 1632 2037 1676 donner
2060 1634 2101 1675 la
2110 1634 2245 1687 peine.
2301 1632 2426 1685 Quod

280 1707 449 1751 Dacierii
479 1704 670 1758 judicium
696 1715 743 1746 eo
772 1702 895 1755 magis
924 1702 1064 1743 mirum
1086 1701 1200 1743 nobis
1229 1700 1371 1741 accidit
1395 1729 1410 1751 ,
1457 1701 1640 1764 quoniam
1668 1699 1746 1751 ipse
1778 1701 1981 1743 Dacierius
2017 1709 2056 1745 et
2088 1700 2304 1766 Epistolam
2347 1702 2427 1746 esse

282 1778 360 1820 hoc
392 1786 494 1828 opus
524 1772 657 1814 diserte
683 1771 866 1822 affirmat,
893 1781 931 1812 et
959 1782 1051 1814 vero
1081 1771 1193 1814 etiam
1217 1769 1403 1823 pluribus
1434 1768 1474 1812 in
1499 1757 1598 1812 locis
1624 1768 1770 1822 optime
1801 1777 2097 1824 praeceptorum
2133 1781 2273 1812 nexum
2308 1778 2425 1822 atque

283 1845 562 1898 cogitationum
587 1841 723 1883 seriem
753 1840 956 1892 perspexit.
1012 1840 1117 1881 Nam
1141 1835 1339 1891 epistolam
1361 1838 1582 1891 agnoscens
1614 1845 1716 1879 certe
1743 1837 2067 1896 Philosophicum
2096 1839 2269 1885 ordinem
2298 1839 2430 1891 requi·

282 1927 364 1956 rere
392 1925 470 1955 non
499 1910 688 1958 debebat,
718 1909 843 1948 multo
862 1909 1015 1955 minus,
1041 1917 1088 1947 eo
1112 1917 1194 1949 ιιοιι
1218 1907 1402 1958 ιἰινειιιο,
1431 1907 1581 1949 nullum
1602 1915 1900 1960 praeceptorum
1922 1908 2095 1953 ordinem
2112 1936 2127 1958 ,
2153 1900 2304 1952 nullam
2325 1919 2424 1950 con-

284 1984 482 2028 nexionem
516 1977 594 2021 esse
618 1977 886 2030 pronuntiare.
954 1975 1009 2017 Et
1040 1974 1271 2024 quibusdam
1310 1975 1350 2016 in
1381 1975 1501 2015 locis
1497 1975 1792 2017 connexionem
1827 1974 1903 2028 ipse
1924 1975 2192 2042 perspiciem.
2229 1977 2359 2020 etiam
2383 1977 2429 2019 in

275 2054 398 2103 aliis,
426 2051 495 2095 ubi
520 2050 622 2092 illam
651 2046 827 2089 nondum
852 2032 1128 2098 perspiciebat,
1157 2043 1375 2096 diligentius
1410 2041 1632 2098 investigare
1656 2044 1817 2098 potius,
1844 2058 1989 2098 quam,
2014 2055 2059 2090 ut
2087 2030 2325 2098 complorata
2356 2058 2425 2097 re,

284 2134 386 2177 opus
413 2118 684 2174 imperfectum
703 2125 740 2158 et
768 2116 816 2157 ab
844 2115 1016 2157 Auctore
1036 2113 1109 2156 suo
1135 2112 1357 2156 destitutum
1397 2113 1556 2154 asserere
1583 2113 1758 2156 debebat.
1798 2114 1921 2168 Quid
1945 2126 2038 2162 vero
2059 2114 2113 2158 de
2135 2106 2241 2169 julio
2268 2113 2427 2160 caedue

284 2193 478 2246 scaligero
505 2190 678 2232 dicemus
692 2217 707 2240 ‚
732 2187 828 2240 qui,
855 2188 1075 2237 Horatius,
1104 2186 1254 2237 inquit,
1282 2192 1440 2235 artem,
1463 2197 1580 2238 quam
1607 2184 1831 2243 iqlkrrpfit,
1859 2185 1953 2231 adeo
1974 2185 2057 2239 sine
2086 2187 2167 2228 ulla
2185 2178 2293 2229 docet
2308 2194 2426 2236 arte,

285 2273 331 2307 ut
351 2263 520 2318 saturae
536 2262 699 2316 propius
728 2267 849 2300 totum
890 2270 979 2313 opus
1006 2256 1109 2301 illud
1144 2256 1220 2311 esse
1256 2253 1472 2297 videatur?
1498 2253 1564 2295 An
1592 2252 1795 2306 deceptum
1823 2253 1950 2296 virum
1977 2265 2158 2307 magnum
2181 2252 2426 2306 inscriptione

286 2333 440 2385 operis,
467 2342 580 2385 quam
609 2329 657 2372 ab
683 2326 768 2380 ipso
796 2326 1008 2383 profectam
1037 2325 1204 2367 Horatio
1232 2324 1411 2366 credebat
1430 2353 1446 2375 ,
1480 2324 1615 2367 Artem
1653 2323 1771 2377 hujus
1785 2353 1800 2375 ,
1829 2335 1920 2365 cum
1947 2321 2160 2385 Aristotelis
2186 2323 2281 2366 Arte
2308 2324 2426 2364 colla-

285 2411 394 2453 tam,
424 2399 553 2454 (addit
579 2398 703 2440 enim:
734 2397 907 2442 ordinem
936 2398 1107 2452 neglexit
1134 2394 1383 2447 Aristonles,
1412 2392 1608 2436 Horatius
1636 2393 1813 2444 vitiavit)
1848 2392 1895 2433 ad
1922 2391 2185 2436 severissimam
2215 2391 2342 2445 operis
2369 2391 2428 2432 di·

287 2470 462 2514 dascalici
489 2470 610 2521 legem
639 2465 800 2519 exegisse
814 2466 834 2507 2
861 2467 918 2507 Ita
947 2475 1048 2509 certe
1076 2465 1184 2506 nullo
1212 2463 1333 2504 modo
1373 2462 1442 2514 ipfi
1484 2462 1697 2508 satisfacere
1736 2473 1840 2515 opus
1877 2462 2037 2507 Horatii
2066 2471 2243 2514 poterat,
2281 2461 2426 2502 saturae

286 2552 404 2594 quam
433 2538 505 2579 arti
530 2536 721 2588 propius,
749 2535 797 2577 de
823 2547 903 2586 quo
930 2533 1120 2575 morosius
1147 2532 1237 2575 inde
1266 2530 1437 2582 censuit,
1465 2531 1639 2577 ordinem
1668 2533 1709 2573 in
1738 2532 1805 2573 illo
1832 2543 1912 2573 non
1941 2531 2156 2583 neglectum
2176 2540 2350 2581 tantum,
2360 2529 2425 2571 sed

286 2620 325 2652 et
349 2607 530 2650 ‚vitiatum
560 2605 627 2655 (h.
658 2613 716 2645 est
745 2602 853 2658 quasi
881 2602 928 2644 de
954 2601 1139 2644 industria
1166 2600 1371 2653 vitiatum)
1398 2598 1489 2641 esse.
1557 2601 1685 2652 Atqui
1711 2613 1791 2644 non
1828 2600 1978 2645 vitiavit
2006 2599 2180 2649 ordinem
2208 2599 2427 2653 Horatius,

284 2678 351 2721 sed
377 2676 542 2724 omnino
565 2684 718 2722 certum
747 2674 911 2724 aliquem
938 2669 1089 2722 secutus
1107 2680 1203 2723 est,
1235 2682 1317 2718 non
1337 2668 1510 2723 quidem
1549 2670 1657 2715 illum
1696 2671 1823 2735 operis
1858 2667 2074 2715 didascalici
2113 2668 2425 2718 scholasticum,

285 2748 350 2790 sed
378 2751 451 2799 poa
443 2750 516 2788 itae
542 2744 593 2785 ad
621 2744 792 2795 amicos,
821 2740 1049 2784 familiarius
1075 2754 1123 2789 ac
1143 2741 1311 2791 solutius
1338 2739 1389 2786 de
1416 2751 1457 2783 re
1483 2750 1618 2792 certa,
1645 2750 1792 2782 certum
1820 2740 1863 2784 in
1887 2732 2001 2782 finem
2029 2740 2253 2789 scribentis,
2281 2738 2426 2794 episto-

287 2821 421 2863 larem.
478 2813 597 2866 Quod
624 2821 663 2855 et
689 2811 765 2864 ipse
793 2810 960 2864 Scaliger
981 2810 1139 2856 vidisset
1125 2839 1164 2873 <⁹
1195 2809 1223 2852 s1
1261 2822 1342 2852 non
1380 2797 1488 2860 p‘rius
1525 2809 1809 2865 inscriptionem
1827 2839 1843 2862 ,
1882 2821 1998 2878 quam
2025 2809 2141 2865 ipsius
2169 2795 2360 2863 formans,
2382 2805 2425 2849 id

283 2896 348 2934 αι
371 2884 558 2929 rationem
588 2891 700 2937 atque
728 2880 974 2933 orationem,
1002 2880 1128 2938 operis
1155 2877 1433 2935 inspiciendam
1459 2877 1637 2924 duxisset.
