2709 3430
808 33 1414 101 EP1s'ro,L‘A1AD
1465 25 1863 81 PlstE'ez
2343 49 2397 89 τι

787 250 1190 298 CAPUT
1268 253 1884 310 ρυιΝΤυΜ,

978 421 1048 456 na
1084 421 1359 461 auca-outa
1397 424 1669 461 consum.
1720 434 1728 442 ·

232 623 236 625 a
267 545 381 632 De
409 580 562 639 Horatii
591 586 632 629 in
664 587 942 642 conscribenda
974 588 1048 630 hac
1078 586 1258 640 Epistola
1294 588 1452 631 consilio
1485 589 1610 632 variae
1643 589 1862 631 Doctorum
1892 588 2075 629 Virorum
2113 589 2312 641 opiniones
2343 590 2392 630 nd

265 660 347 693 tres
382 653 624 708 potissimum
660 657 755 700 mihi
781 656 912 700 referri
937 656 1049 711 posse
1074 656 1210 699 classes
1243 658 1495 709 videbantur:
1539 669 1584 701 ut
1610 660 1735 711 prima
1772 656 1865 699 esset
1890 669 2053 709 eorum,
2093 660 2160 711 qui
2184 659 2392 700 Horatium
2421 677 2435 688 ·

266 720 307 762 ln
344 722 421 764 hoc
449 733 564 776 opere
599 725 696 777 nihil
722 726 789 769 nist
808 718 1010 781 praecepta
1036 727 1222 779 quaedam
1254 727 1303 769 ad
1334 727 1470 782 poesin
1492 728 1720 782 pertinentia
1759 725 1864 780 quafi
1895 739 1964 779 per
1989 726 2150 769 saturam
2185 741 2390 782 congerere

265 791 428 847 'voluisse
461 793 741 846 existimarunt:
771 798 887 838 altera
911 808 1043 838 eorum
1058 826 1074 847 ‚
1104 797 1171 847 qui
1196 796 1507 851 absolutisfimam
1542 807 1658 848 artem
1686 796 1883 848 poeticam
1900 826 1918 847 ‚
1944 807 2045 838 certe
2068 797 2388 849 perfectissimum

264 859 348 912 ejus
376 855 647 914 'compendium
660 893 676 914 ,
703 864 842 911 ordine
869 875 986 913 quam
1013 864 1207 912 aptisfimo
1233 874 1277 908 et
1294 863 1461 903 voluisse
1491 866 1686 902 Nostrum
1717 863 1865 904 tradere
1878 892 1894 915 ‚
1935 874 1972 906 et
1997 877 2090 907 vero
2122 865 2237 907 etiam
2272 866 2391 907 tradi·

266 928 365 969 disse
399 917 682 981 contenderunt
707 944 722 971 ι
767 931 878 971 tertia
911 929 1075 981 denique
1105 929 1271 973 mediam
1304 930 1403 972 inter
1433 929 1581 982 priores
1615 929 1711 981 duas
1744 930 1844 971 viam
1875 929 2092 979 secutorum
2121 961 2137 982 ‚
2182 932 2249 984 qui
2286 946 2393 986 prae·

263 1005 375 1048 cepta
410 990 564 1048 quidem
597 995 752 1047 Horatii
787 1011 958 1049 connexa
996 1000 1095 1040 inter
1130 999 1165 1040 se
1203 1012 1399 1051 unumque
1431 999 1478 1047 iis
1516 1013 1564 1041 ac
1604 1011 1750 1051 certum
1788 997 1934 1041 subesse
1972 999 2173 1043 confilium
2219 1003 2390 1047 arbitrati

261 1063 378 1116 sunt,
408 1065 515 1108 haud
545 1057 671 1117 tamen
698 1059 814 1116 artem
840 1058 1036 1119 'poeticam
1064 1069 1193 1121 ejusve
1221 1068 1494 1122 compendium
1523 1068 1711 1119 tradendi.

314 1134 380 1176 Ad
402 1135 565 1188 prlmam
593 1136 748 1189 quidem
784 1135 936 1186 classem
963 1137 1068 1180 haud
1092 1137 1208 1180 dubie
1242 1136 1464 1180 referendus
1496 1147 1554 1182 est
1581 1137 1859 1190 Porphyrion,
1895 1138 1989 1189 qui,
2013 1142 2056 1181 in
2086 1140 2188 1182 hunc
2207 1142 2352 1183 tibrum
2367 1171 2386 1193 2

265 1205 423 1264 inquit,
449 1207 619 1259 egmgess
613 1216 631 1246 t
650 1206 842 1258 quqtius
856 1217 1072 1267 praecepta
1106 1207 1350 1270 Neoptolemi
1381 1207 1428 1248 de
1455 1208 1557 1249 Arte
1587 1209 1780 1258 Ροέτίεα,
1821 1220 1894 1249 non
1926 1208 2080 1262 quidem
2122 1214 2280 1261 omnia,
2314 1211 2390 1264 sed

261 1263 616 1335 eminenmstma.
636 1262 920 1324 Neoptolemus
954 1273 1156 1333 significari
1184 1274 1366 1327 videtur,
1391 1276 1438 1315 ab
1466 1275 1664 1324 Athenaeo
1694 1274 1761 1315 m.
1798 1285 1841 1326 p.
1873 1274 1971 1325 82„
2004 1276 2055 1315 X.
2089 1288 2132 1328 p.
2167 1289 2259 1329 355.
2275 1280 2384 1326 Xl.

259 1354 302 1395 p.
317 1342 413 1395 476.
442 1350 479 1385 et
495 1341 638 1393 Schol.
667 1340 866 1383 Villo1son1
879 1340 932 1382 ad
953 1341 1078 1393 Iliad.
1074 1349 1141 1382 n..
1176 1351 1270 1395 235.
1298 1341 1494 1393 laudatus,
1521 1344 1627 1389 ῦπαρ
1629 1346 1737 1386 autc,
1767 1342 1807 1380 id
1830 1351 1888 1380 est
1910 1344 2267 1391 ndp105‚exinsula
2290 1335 2338 1388 P.
2333 1360 2389 1387 ro

260 1411 480 1462 oriundus,
521 1419 566 1452 ut
593 1415 723 1461 recte,
738 1410 983 1473 Stephanum
1012 1411 1241 1463 Byzantium
1274 1410 1394 1452 citans
1420 1411 1459 1452 in
1487 1422 1584 1452 voce
1612 1416 1750 1461 Πάρος,
1785 1410 2019 1451 Villoisonus
2041 1412 2209 1454 docuit
2196 1427 2237 1455 m
2259 1417 2392 1457 Prole,

261 1479 436 1532 gomenis
469 1479 518 1521 ad
556 1479 717 1529 Homeri
746 1479 905 1523 Scholia
932 1492 976 1533 p.
1016 1480 1140 1524 XXX.
1197 1479 1316 1522 Hunc
1351 1480 1452 1521 enim
1486 1483 1557 1527 περὶ
1584 1479 1848 1526 {mmmmm
1875 1478 2082 1532 scripsisse,
2110 1493 2256 1534 partem
2283 1484 2396 1534 forte,
2450 1538 2456 1540 Α

258 1547 363 1598 citati
391 1560 414 1590 a
442 1548 708 1601 Porphyrione
729 1549 856 1602 operis
870 1549 917 1591 de
939 1549 1036 1591 Arte
1062 1550 1141 1592 Ροῐ
1133 1549 1248 1603 tica,
1279 1549 1387 1590 testis
1412 1557 1469 1590 est
1490 1548 1713 1589 Athenaeus
1744 1548 1796 1588 X.
1826 1560 1870 1599 Ρ.
1898 1559 1991 1600 355.
2020 1551 2206 1602 Ejusdem
2236 1555 2276 1594 in
2300 1556 2384 1594 Ho-

257 1629 405 1660 merum
430 1616 713 1670 observationes
746 1619 865 1669 citant
885 1617 1087 1668 ⁴Vilssloisoni
1114 1617 1271 1661 Scholia
1303 1617 1352 1658 ad
1382 1618 1463 1660 loc.
1493 1616 1602 1658 Iliad.
1636 1616 1830 1667 citatum3
1868 1619 1972 1658 unde
1999 1620 2200 1670 probabile
2237 1632 2293 1661 est
2325 1624 2386 1664 in·

255 1687 536 1742 terpretationis
564 1688 612 1731 ad
639 1688 896 1732 Theoeritum
919 1689 979 1733 ld.
1010 1690 1042 1732 1.
1067 1698 1133 1742 52.
1177 1696 1373 1740 auctorem
1390 1714 1406 1743 ,
1440 1688 1481 1728 iu
1506 1680 1777 1736 Theo'eriteis,
1822 1699 1920 1737 quae
1957 1689 2173 1740 versamus,
2214 1693 2385 1733 Scholiis

258 1758 459 1805 laudatum
471 1759 802 1810 ,Neoptolemum
815 1759 992 1805 eumdem
1005 1761 1065 1797 τὶν
1077 1747 1237 1805 humavere
1262 1757 1487 1811 significari,
1516 1758 1692 1808 quamvis
1706 1756 1943 1800 dissentiente
1966 1759 2161 1799 Wartono
2179 1761 2217 1800 in
2234 1763 2383 1804 Notitia

255 1827 508 1876 scholiorum
543 1827 744 1878 Theocriti
771 1842 814 1879 p.
844 1828 911 1887 3⁶·
942 1834 980 1867 et
1005 1825 1044 1866 in
1073 1834 1166 1866 nota
1186 1819 1359 1876 subjecta
1383 1827 1426 1867 6.
1455 1826 1522 1876 qui
1545 1825 1734 1867 diversum
1757 1825 1864 1866 illum
1895 1837 1916 1866 a
1939 1827 2052 1869 Pario
2080 1828 2389 1881 Neoptolemum

251 1895 457 1944 Medicum
477 1893 590 1935 fuisse
613 1903 754 1947 putat,
770 1893 979 1936 Auctorem
994 1894 1257 1942 μελιτωργοων,
1274 1891 1315 1933 ld
1339 1891 1496 1934 estlibri
1510 1891 1557 1933 de
1581 1892 1727 1932 ratione
1739 1892 1969 1935 conficiendi
1983 1894 2231 1950 servandique
2245 1903 2381 1944 mellis.

253 1964 347 2005 vid.
364 1964 509 2012 Plinius
527 1962 584 2005 H.
612 1963 670 2005 N.
698 1963 824 2005 indice
846 1961 936 2003 libri
960 1960 1028 2003 XI.
1056 1953 1145 2000 Ne‘c
1169 1959 1282 2000 Pario
1301 1959 1563 2012 Neoptolemo
1582 1960 1722 2001 librum
1752 1960 1917 2003 tribuere
1939 1975 2071 2005 verear
2106 1966 2154 2006 de
2178 1970 2386 2013 vocabulis

249 2032 455 2091 Phrygiis,
484 2043 599 2083 quem
640 2030 823 2083 scripfisse
859 2016 1160 2081 Neoptolemum
1196 2028 1329 2069 auctor
1366 2038 1425 2070 cst
1455 2029 1627 2079 Achilles
1653 2029 1798 2070 Statius
1842 2031 1883 2072 in
1918 2031 2072 2086 Isagoge
2104 2035 2150 2075 ad
2184 2038 2382 2091 Aratum,

252 2114 343 2143 cum
366 2101 497 2148 diserte
524 2104 583 2139 τὸν
605 2104 768 2148 naepcavbv
788 2101 825 2139 ἐν
842 2101 1017 2148 γλώσσαις
1040 2098 1131 2139 citet
1157 2097 1379 2139 Athenaeus
1400 2098 1470 2151 XI.
1487 2112 1539 2150 p.
1568 2100 1679 2149 476,
1708 2099 1774 2149 qui
1797 2109 1835 2140 et
1856 2101 2024 2153 eJ’usdem
2044 2104 2221 2155 epicum,
2254 2117 2296 2148 ut
2319 2110 2379 2151 vi-

251 2159 403 2223 rietur,¹
421 2177 575 2217 carmen
602 2170 798 2207 Διουυσίιδοι
834 2167 965 2207 laudat
990 2164 1054 2209 m.
1092 2180 1136 2218 Ρ.
1176 2168 1239 2207 82.
1269 2166 1371 2208 unde
1397 2167 1678 2218 Neoptolemus
1718 2167 1900 2210 Parianus
1928 2169 2105 2223 (Parius)
2131 2183 2236 2215 recte
2257 2181 2379 2227 poeta

251 2236 304 2282 et‘
324 2227 612 2286 Grammaticus
641 2236 783 2277 dicitur
815 2233 1020 2286 Fabricio,
1044 2234 1143 2276 Bibl.
1170 2234 1316 2277 Graec.
1346 2233 1400 2277 T.
1441 2234 1549 2278 XlV.
1577 2247 1615 2287 p.
1658 2236 1757 2286 625.
1796 2248 1876 2280 non
1912 2237 2001 2280 item
2036 2238 2376 2293 Epigrammatistae

253 2310 449 2351 Wartono
477 2309 507 2348 l.
537 2306 653 2358 supra
678 2305 809 2345 citato.
866 2304 971 2345 Nam
1000 2303 1103 2344 aliud
1130 2311 1191 2344 est
1216 2302 1485 2363 epigrammata
1525 2302 1648 2354 ipsum
1682 2303 1948 2356 conscribere,
1979 2308 2081 2349 aliud
2114 2310 2256 2353 librum
2291 2319 2380 2362 nep}

249 2380 533 2427 ἔπιγριμμάτων,
565 2375 813 2427 quamobrem
842 2374 990 2424 nescio,
1034 2386 1082 2414 an
1112 2383 1301 2423 exemtum
1328 2372 1501 2414 eumdem
1531 2372 1645 2414 velim
1678 2373 1789 2414 etiam
1822 2375 2014 2429 Catalogo
2041 2381 2242 2430 poetarum
2275 2382 2373 2435 Epi-

249 2447 603 2506 grammatariorum
630 2444 733 2497 apud
754 2442 970 2485 Fabricium
985 2472 999 2493 ,
1025 2442 1126 2483 Bibl.
1151 2441 1294 2483 Graec.
1325 2441 1378 2484 T.
1398 2441 1452 2484 11.
1478 2455 1521 2494 p.
1550 2454 1645 2492 721.
1701 2441 1833 2495 Hujus
1868 2444 1984 2499 igitur
2012 2446 2259 2499 Neoptolemi
2293 2451 2372 2494 fuit

249 2517 392 2567 etiam,
417 2515 685 2575 porphyrion9
709 2523 829 2565 teste,
857 2525 958 2564 opus
980 2512 1027 2564 de
1055 2511 1150 2554 Arte
1179 2512 1361 2563 Poetica,
1387 2510 1520 2567 unde,
1561 2509 1696 2553 eodem
1724 2521 1847 2566 teste,
1874 2525 2076 2567 praecepta
2100 2530 2179 2559 non
2212 2519 2372 2569 quiden

188 2622 190 2624 ,
250 2585 406 2637 omnia'
435 2578 505 2634 Γρᾶ
525 2582 815 2635 eminentissima
835 2580 886 2634 ‘in
916 2581 1024 2623 suum
1043 2582 1190 2624 librum
1208 2581 1396 2632 Horatius
1436 2580 1679 2634 congaeferit.
1735 2582 1830 2635 Quo
1863 2584 2052 2627 consilio?
2077 2586 2168 2627 Hoc
2189 2599 2271 2631 non
2299 2591 2370 2632 ad·

248 2655 304 2696 dit
327 2654 576 2700 Scholiastes.
633 2653 710 2695 Sed
733 2654 823 2701 cum
846 2649 977 2692 statim
1010 2650 1183 2704 subjiciat
1203 2655 1377 2707 primum
1408 2660 1657 2705 praeceptum
1687 2661 1744 2695 est
1781 2654 1860 2705 περὶ
1884 2658 1944 2697 τῆς
1966 2655 2119 2694 became?
2107 2668 2189 2701 usq:
2228 2657 2374 2702 deinde

244 2725 402 2781 liquens
424 2733 676 2779 praeceptum
702 2734 760 2765 est
784 2731 856 2764 cet.
910 2721 1082 2763 Tertt'um
1097 2731 1351 2782 praeceptum
1377 2730 1460 2772 est,
1481 2731 1555 2763 cet.
1578 2730 1616 2762 et
1640 2719 1692 2760 fic
1726 2733 1871 2773 porro·
1901 2721 2048 2774 nullum
2069 2734 2193 2775 autem
2225 2725 2364 2770 horum

249 2796 538 2847 praeceptorum
564 2793 661 2837 inter
684 2791 719 2836 se
744 2801 884 2839 nexum
913 2790 1091 2844 indicet,
1125 2789 1280 2852 liquido
1307 2789 1478 2857 constat,
1515 2790 1612 2842 nihil
1640 2801 1729 2837 eum
1766 2790 1808 2838 in
1840 2789 1938 2832 hoc
1948 2802 2064 2842 opere
2091 2793 2254 2848 vidisse,
2291 2796 2366 2840 uiti
