2709 3430
217 101 286 141 ..ο
673 85 1102 140 memrmo
1132 90 1219 138 m:
1242 80 1310 150 σι
1350 54 1652 141 fromn
1672 81 1920 143 resecr

225 205 319 247 Dio
348 202 454 247 Cass.
482 200 588 245 LIII.
619 203 695 255 26)
724 213 860 256 postea
885 210 998 246 notae
1024 164 1094 247 slbi
1121 203 1343 258 provinciae
1368 186 1587 272 praefecum
1612 214 1687 253 est.
1724 203 1893 249 Videtur
1912 208 2041 249 tamen
2068 207 2159 249 eum
2193 196 2377 262 humo

237 287 290 316 ex
317 272 498 325 Hispania
525 271 678 314 rediisse
718 272 772 315 A.
802 272 856 314 U.
891 272 944 315 C.
974 283 1070 327 730.
1080 271 1199 326 (vid.
1225 272 1361 327 Vellej.
1373 260 1531 319 Paterc-
1561 274 1610 319 Π.
1631 275 1724 329 90.)
1754 285 1798 318 ιιι
1827 275 1982 318 inurbe
2006 273 2122 318 filex-it
2152 275 2205 319 A.
2228 275 2286 317 U.
2321 278 2377 319 C.

223 355 337 396 ⁰731.
364 340 478 386 Coss.
509 351 616 395 patre
647 340 764 394 ipsius
794 350 832 383 et
866 342 1051 396 Augusto
1073 343 1142 385 XI.
1171 350 1341 396 cumque
1363 343 1432 386 illo
1451 356 1553 388 anno
1584 343 1734 386 factm
1772 344 1860 388 as*
1882 344 2022 388 scribat
2052 345 2137 387 Dio
2158 343 2267 388 Lm.
2306 357 2375 399 33.

223 421 281 453 ut
309 412 438 454 Aedili
476 412 631 454 cuidam
663 411 789 453 Plebis
827 420 986 452 mortuo
1019 411 1253 455 sufficeretur
1278 413 1359 467 iam
1382 424 1481 457 ante
1512 415 1655 458 Cui-uli
1682 414 1889 459 Aedilitate
1919 410 2108 468 funem,
2134 415 2204 457 C.
2202 414 2376 467 quidam

219 483 503 534 Calpurnius,
540 481 641 524 forte
666 494 746 524 non
778 482 915 534 iniuria
940 481 1147 533 suspicetur
1176 483 1341 535 aliquis,
1368 484 1474 547 hunc
1494 483 1621 537 ipsum
1642 483 1856 539 fignificat}
1876 482 1956 527 Cn.
1981 484 2264 546 Calpurnium,
2293 485 2376 529 Cn.

215 551 381 602 filium,
408 551 580 594 Pisonem
598 582 612 602 ,
653 552 762 605 quod
792 553 922 593 nullus
952 552 1030 592 hoc
1050 560 1223 604 tempore
1259 553 1377 604 alias,
1414 544 1533 605 quam
1565 552 1673 607 apud
1698 553 1867 596 Dionem
1900 552 2007 596 dicto
2043 554 2165 606 loco,
2171 556 2250 597 C.
2286 555 2380 597 Cal-

216 624 397 675 purnius
427 632 612 665 memoret
617 635 692 673 ur,
729 621 844 662 facile
876 630 1001 661 autem
1030 633 1157 662 errore
1194 621 1444 663 librariorum
1481 626 1605 671 ruane.
1645 623 1687 666 in
1718 628 1819 671 rme
1851 622 1993 669 mutari
2018 624 2220 677 potuerit3
2263 624 2378 677 cujus

218 693 328 732 *adeo
360 692 501 750 erroris
530 692 643 733 etiam
668 691 803 734 'Libro
816 690 915 733 LV.
937 695 1043 734 c.·8.
1072 692 1288 744 exemplum
1308 689 1441 734 exlht.
1470 697 1572 733 certe
1598 691 1698 734 Cos.
1727 701 1865 746 postea
1898 694 1978 737 Cn.
2007 706 2094 737 non
2113 690 2181 738 ³0.
2212 693 2378 747 Calpur-

216 762 321 805 -nius
347 761 430 803 Piso
451 761 527 803 fuit
562 774 654 803 cum
689 761 849 803 Tiberio
874 763 928 803 A.
968 762 1022 802 U.
1048 762 1102 803 C.
1130 774 1227 813 747.
1253 761 1346 804 ·vid.
1368 761 1457 804 ι1)ἰο
1485 760 1643 805 cassim
1679 762 1709 804 l.
1747 762 1817 805 cit.
1855 763 1996 807 collato
2028 760 2189 806 Tacite.
2249 761 2378 817 Quod

231 843 326 872 vero
358 844 404 872 ex
439 832 709 874 codicillorum
732 832 887 873 verbIs:
917 833 1001 872 Per
1035 835 1239 886 collegium
1267 832 1502 884 Confidam·
1522 861 1539 883 ,
1584 832 1781 886 >quondam
1807 833 1869 877 D.
1903 832 2088 890 Augusto
2111 835 2276 889 parenti
2311 833 2380 877 ιω

222 902 451 955 probatus,
487 912 527 943 et
552 903 629 944 tibi
667 904 844 944 amicus:
881 899 1038 952 Lipsius
1070 899 1560 954 etEt-nestiuseollissunt
1582 930 1598 951 ,
1632 902 1751 948 etiam
1780 901 1950 953 Augusti
1989 899 2175 954 collegam
2208 903 2250 944 in
2287 913 2379 945 con·
2416 915 2419 916 ⁷

226 969 353 1011 sulatu
376 971 457 1011 Cn.
477 970 607 1022 «Cup.
624 970 831 1019 Pisonem,
861 970 942 1010 Cn.
973 969 1120 1019 filium,
1146 967 1293 1020 fuisse,
1319 965 1417 1009 illud
1443 978 1578 1009 vereor
1606 977 1657 1009 >ut
1683 978 1729 1010 ex
1764 969 1812 1009 iis
1839 969 1966 1011 verbis
1995 969 2117 1032 possit
2148 972 2270 1023 effioi;
2299 971 2379 1015 imo

224 1040 464 1081 contrarium
495 1052 630 1081 verum
662 1039 817 1082 videtur
840 1051 889 1080 ex
914 1050 962 1081 eo
983 1068 999 1090 ,
1039 1036 1147 1090 quod
1173 1037 1274 1090 Imp.
1314 1035 1500 1079 Tiberius
1526 1036 1641 1089 *apud
1678 1032 1810 1079 Tacit.
1832 1036 1901 1081 111.
1934 1050 2000 1078 ιιι.
2028 1037 2100 1079 nbi
2121 1039 2201 1083 Cu.
2226 1040 2378 1085 Pisonis

226 1110 451 1163 dignitatem
480 1111 659 1152 extollere
684 1109 834 1160 studet,
874 1121 964 1150 eum
995 1111 1171 1164 legatum
1197 1107 1356 1161 quidem
1383 1116 1497 1161 atque
1523 1109 1693 1151 amicum
1720 1106 1842 1160 patris
1868 1104 1951 1158 sui,
1978 1117 2060 1151 non
2077 1118 2172 1152 vero
2189 1111 2377 1167 collegam

225 1181 266 1220 in
293 1179 495 1221 consulatu
521 1179 636 1220 fuisse
668 1179 777 1219 dicit.
836 1177 929 1218 Hoc
968 1186 1095 1220 tamen
1124 1178 1274 1220 factum
1310 1177 1365 1220 A.
1392 1177 1448 1219 U.
1481 1176 1535 1219 C.
1564 1186 1660 1229 731.
1698 1176 1856 1229 Lipsius
1885 1184 1924 1218 et
1954 1175 2158 1219 Ernestius
2190 1178 2375 1224 asserunt.

223 1249 349 1300 Atqui
365 1249 432 1290 illo
446 1260 547 1291 anno
560 1247 708 1292 Consul
721 1247 837 1301 hujus
860 1247 941 1289 Cn.
968 1247 1113 1290 Pisonis
1133 1257 1241 1301 pater
1259 1247 1365 1298 fuit,
1391 1256 1435 1288 ut
1449 1246 1584 1289 diserte
1600 1245 1733 1287 scribit
1746 1245 1823 1297 ipse
1837 1228 1996 1299 Lipffius
2016 1245 2068 1287 ad
2092 1244 2225 1290 Tacit.
2237 1248 2374 1303 1143.

224 1318 365 1369 Neque
388 1319 577 1370 collegam
600 1317 778 1371 Augusti
799 1315 935 1369 ipsum
960 1315 1074 1357 fuisse
1101 1318 1201 1358 clare
1228 1316 1410 1367 satisssipsn
1429 1316 1531 1356 haec
1562 1315 1689 1354 Taciti
1716 1315 1834 1354 verba
1865 1314 1933 1355 111.
1973 1315 2040 1355 16.
2096 1317 2181 1359 Ber
2204 1321 2379 1375 quinque

224 1397 263 1429 et
292 1386 564 1442 quadraginta
589 1394 781 1427 annorum
804 1386 1051 1439 obsequium,
1086 1397 1166 1439 per
1198 1387 1401 1441 collegt’um
1424 1384 1646 1438 consulatus
1683 1382 1879 1439 quondam
1908 1384 1971 1425 D.
1994 1384 2179 1439 Augusto
2208 1393 2376 1440 perenn·

222 1467 289 1498 tuo
308 1457 501 1511 probatus
525 1464 563 1497 et
587 1456 664 1498 tibi
682 1457 857 1504 amx’cus,
879 1453 1051 1496 indicare
1073 1455 1170 1496 mihi
1189 1455 1397 1506 videntur,
1426 1466 1595 1506 quorum
1618 1454 1720 1495 hanc
1739 1453 1873 1505 potius
1891 1462 2058 1496 mentem
2086 1454 2164 1497 esse
2179 1454 2370 1501 dixerim:

220 1538 296 1579 ego
319 1526 507 1578 probatus
535 1526 711 1576 amicus,
745 1524 804 1565 uti
840 1523 894 1564 D.
925 1524 1108 1577 Augusto
1143 1526 1290 1583 parenti
1328 1534 1428 1576 tu0,
1464 1523 1517 1565 fic
1544 1532 1583 1564 et
1612 1523 1716 1574 tibi,
1744 1534 1817 1574 per
1848 1522 2020 1575 quinque
2047 1532 2085 1566 et
2122 1526 2375 1580 quadraginta

221 1608 411 1637 annorum
448 1595 704 1645 obsequium:
736 1592 845 1643 quod
868 1592 1010 1633 seilicet
1033 1607 1172 1635 novem
1207 1605 1246 1635 et
1267 1595 1423 1646 triginta
1447 1605 1571 1635 annos
1604 1593 1705 1647 Ιιιιρ.
1735 1592 1992 1645 Augustum,
2019 1601 2057 1635 te
2084 1595 2279 1646 privatum
2304 1609 2371 1639 aut

212 1667 400 1707 *heredem
427 1665 575 1716 imperii
598 1663 862 1716 designatum3
891 1660 952 1703 sex
987 1674 1079 1703 vero
1106 1675 1228 1704 annos
1251 1672 1288 1703 te
1315 1662 1617 1715 Imperatorem,
1657 1673 1773 1714 quam
1811 1660 2079 1705 officiofisfime
2115 1665 2247 1707 colui:
2274 1679 2370 1720 pro-

220 1736 336 1776 batus
361 1736 475 1776 etiam
502 1734 657 1784 utrique
687 1733 834 1772 amicus
856 1744 924 1782 per
952 1733 1157 1785 collegium
1183 1731 1446 1784 Consulatus,
1470 1733 1526 1774 A·.
1555 1733 1611 1775 U.
1631 1731 1683 1774 C.
1708 1741 1801 1784 747.
1825 1740 1956 1772 tecum
1977 1731 2102 1784 gesti:
2133 1735 2241 1785 quod
2270 1735 2369 1779 scili·

222 1815 283 1845 cet
307 1807 407 1855 Imp.
436 1805 641 1854 Augustus
667 1813 728 1841 me
754 1799 997 1850 potisfimum
1022 1802 1190 1853 delegit,
1219 1815 1334 1852 quem
1356 1803 1545 1852 collegam
1572 1801 1645 1841 tibi
1671 1800 1805 1850 daret,
1833 1809 1879 1841 tu
1899 1811 1992 1842 vero
2021 1812 2082 1842 me
2107 1813 2200 1853 prae
2234 1790 2370 1848 ceteris

223 1885 375 1927 gratum
412 1881 693 1922 acceptumque
719 1867 905 1918 collegam
935 1867 1118 1908 habuisti.
1161 1868 1283 1920 Quod
1313 1867 1343 1910 fi
1373 1870 1461 1921 quis
1483 1879 1562 1923 per
1589 1872 1780 1922 quinquf
1793 1878 1832 1910 et
1862 1869 2137 1924 quadraginta
2174 1885 2368 1917 annorum

222 1945 442 1997 obfiqm‘um
459 1971 471 1991 ‚
494 1952 570 1995 per
598 1941 799 1992 collegium
831 1936 1052 1988 confialatus
1085 1959 1144 1968 —
1176 1952 1269 1992 rogo
1304 1937 1526 1980 obtestantis
1545 1963 1551 1967 »
1567 1936 1644 1978 esse
1670 1938 1799 1987 dicat,
1841 1936 1977 1979 deinde
2018 1947 2110 1990 pest
2150 1942 2372 1996 consulatus

225 2025 380 2054 comma
403 2021 550 2064 ponat,
581 2021 628 2049 eo
657 2006 787 2048 minus
807 2005 934 2045 etiam
971 2005 1141 2057 Augusti
1172 2015 1211 2047 et
1234 2005 1381 2047 Pisonis
1408 2005 1477 2046 filii
1513 2005 1712 2057 quoddam
1742 2004 1962 2048 consulatus
1988 2008 2222 2061 collegium,
2251 2025 2369 2065 repu-

226 2084 434 2136 gnantibus
458 2081 567 2121 fastis
586 2108 599 2129 ‚
620 2077 856 2119 comminisci
882 2074 1034 2120 neccsse
1061 2077 1132 2117 erit
1153 2106 1167 2127 ,
1195 2088 1286 2117 cum
1317 2074 1428 2127 ‘prius
1452 2076 1567 2117 etiam
1583 2086 1661 2129 per
1686 2079 1860 2131 qus'nque
1883 2088 1922 2119 et
1947 2077 2222 2134 quadraginta
2248 2096 2370 2125 anno·

219 2168 306 2195 rum
334 2152 553 2206 obsequium
577 2148 626 2189 ad
661 2147 785 2189 solum
810 2145 943 2188 referri
981 2144 1187 2187 Tiberium
1214 2144 1364 2198 possit,
1393 2146 1457 2188 cui
1476 2144 1711 2197 obsequium
1745 2145 1829 2188 Piso
1861 2158 1931 2199 per
1947 2157 2017 2199 45.
2046 2159 2171 2192 annos
2196 2146 2367 2202 primum

223 2224 401 2276 privato,
438 2220 575 2261 deinde
599 2218 835 2269 imperanti,
857 2216 1109 2268 praestiterat.
1167 2217 1257 2269 Ego
1283 2226 1412 2258 tamen
1434 2217 1602 2268 priorem
1619 2216 1763 2273 *potius
1788 2217 2069 2269 'interpretandi
2094 2219 2195 2260 viam
2216 2220 2365 2273 sequar.

226 2295 374 2336 Verum
401 2290 557 2342 quidem
576 2287 762 2339 est-apud
790 2286 955 2327 Dionem
987 2285 1095 2327 Cass.
1134 2285 1261 2327 Libro
1292 2286 1385 2327 LV.
1419 2286 1459 2327 in
1493 2284 1699 2339 praemisso
1733 2286 1846 2329 Coss.
1884 2287 2012 2328 indice
2042 2288 2093 2328 ad
2126 2289 2220 2330 dict.
2256 2292 2364 2335 Ann.

229 2375 325 2416 747.
351 2375 372 2402 e
396 2359 629 2412 quibusdam
647 2357 722 2410 legi
735 2355 834 2397 Mss.
863 2362 914 2395 Γν.
943 2359 1171 2401 Καλπούρνιος
1193 2362 1244 2394 Γν.
1277 2358 1325 2393 ω’.
1347 2358 1484 2395 Πείσων.
1514 2360 1554 2396 τὶ
1580 2359 1612 2404 β.
1646 2356 1750 2406 Sed,
1773 2355 1874 2398 sivel
1901 2357 2066 2399 maxime
2092 2361 2133 2415 τζὸ
2151 2363 2185 2408 β.
2217 2360 2366 2405 servan·

229 2434 323 2473 dum
343 2430 387 2473 fit
403 2460 417 2482 ‚
447 2441 538 2470 cum
564 2427 658 2468 illud
682 2427 744 2468 alii
780 2425 919 2467 Dionis
953 2423 1111 2465 codices
1144 2424 1349 2475 omittant,
1371 2424 1628 2475 probantibus
1642 2425 1799 2478 *Pagiof
1817 2426 1863 2466 >in
1889 2428 2277 2479 apparatuehronol.
2319 2433 2369 2473 ad

230 2503 374 2544 Baton.
403 2501 549 2542 Annal.
579 2500 618 2549 §.
652 2508 745 2548 129.
774 2507 865 2547 pag.
889 2506 955 2545 31.
995 2503 1034 2538 et
1071 2493 1207 2545 Pighio
1240 2493 1281 2534 in
1322 2493 1463 2535 Annal.
1498 2493 1552 2535 ad
1580 2496 1634 2536 A.
1660 2494 1721 2535 U.
1753 2495 1804 2537 C.
1832 2497 1928 2547 746.
1957 2496 2115 2539 efficitur
2144 2499 2299 2549 quidem
2323 2513 2366 2544 ea

231 2562 348 2622 nota,
378 2571 538 2611 alterum
562 2568 669 2607 hunc
707 2567 778 2616 (ex
803 2565 884 2616 ejus
904 2564 1112 2614 nimirum,
1149 2563 1218 2615 qui
1248 2563 1565 2615 qualemcumque
1591 2562 1712 2605 istum
1745 2563 1911 2607 indicem
1929 2565 2133 2626 «confecit,
2163 2569 2364 2623 opinione)

229 2644 310 2684 Cn.
338 2641 485 2683 Pisonis
513 2639 593 2680 Cn.
621 2636 708 2682 Filii
729 2628 969 2677 consulatum
993 2632 1135 2685 fuisse,
1163 2646 1244 2675 non
1272 2643 1396 2676 autern
1422 2634 1462 2676 in
1484 2633 1611 2686 priore
1638 2634 1774 2687 illum,
1803 2644 1903 2677 certe
1925 2638 2006 2678 non
2025 2636 2078 2679 A.
2106 2637 2161 2679 U.
2188 2639 2240 2685 C.
2271 2652 2364 2693 731.

231 2714 416 2763 collegam
446 2710 671 2762 Augustum
697 2705 890 2757 habuisse.
947 2705 1069 2746 Porro
1107 2703 1300 2746 videndus
1326 2702 1372 2745 de
1404 2704 1483 2745 hoc
1508 2703 1642 2747 Pisone
1665 2704 1827 2746 Tacitus
1853 2706 1899 2748 Η.
1929 2717 1968 2748 c.
1995 2719 2066 2759 43.
2096 2706 2180 2761 sqq:

391 2776 463 2821 lv.
492 2779 544 2820 L.
575 2779 858 2820 enervamus
885 2777 977 2817 Piso
1006 2775 1090 2815 CN.
1120 2774 1448 2832 FimusxAUGUR
1466 2804 1482 2825 ,
1510 2774 1713 2827 superioris
1752 2774 1851 2816 Cnei
1878 2774 1994 2816 frater
2021 2805 2036 2825 ,
2075 2777 2235 2829 ejusque
2262 2780 2365 2830 apud

231 2852 400 2893 senatum
433 2850 487 2890 rei
513 2852 717 2901 patronas.
747 2845 833 2888 vid.
869 2844 1000 2886 Tacit.
1039 2844 1103 2886 ΠΙ.
1144 2857 1208 2887 ιι.
1265 2844 1412 2888 Consul
1442 2857 1533 2887 cum
1562 2844 1686 2888 Cosso
1716 2845 1899 2888 Cornelio
1937 2845 2106 2888 Lentulo
2131 2847 2206 2888 fuit
2233 2849 2284 2889 A.
2306 2850 2363 2892 U.

230 2923 285 2968 C.
307 2933 333 2974 7
341 2933 408 2974 53.
429 2919 520 2962 vid.
560 2918 677 2960 index
707 2916 819 2967 Coss.
849 2929 913 2969 ap.
948 2916 1070 2958 Dion.
1095 2914 1272 2959 Casfium
1297 2916 1391 2961 Lib.
1413 2915 1510 2958 LV·
1547 2925 1584 2958 et
1613 2916 1804 2961 Crotetus
1828 2917 1869 2960 in
1888 2917 2016 2970 Corp.
2046 2916 2158 2961 inser.
2179 2918 2366 2972 .11.-·supra
