2709 3430
250 139 304 179 μ
444 180 448 185 ‚
681 123 1105 178 mspn'rA‘rxo
1147 91 1233 166 nr,
1271 122 1326 178 Q.
1370 109 1670 167 HoR‘ATu
1709 116 1966 173 πωροι

251 234 344 277 olim
361 264 376 286 ‚
405 232 466 276 sed
493 241 536 276 ut
561 231 759 274 Homerus
782 233 939 287 incepit.
979 234 1034 274 Ita
1056 244 1137 275 non
1158 233 1310 274 fumum
1336 244 1383 290 eg
1404 232 1581 286 fulgore,
1609 234 1673 274 scd
1698 244 1745 294 εἷς
1764 233 1917 286 fulgore
1943 224 2073 275 'lacem
2092 233 2293 285 dabisfet
2315 247 2399 275 om-
2420 248 2425 257 ¹

252 304 347 346 nino
381 304 495 344 libere
531 303 679 355 pedem*
698 303 885 355 proferes.
954 304 1073 343 llunc
1109 300 1258 343 nexum*
1284 304 1365 343 csse
1400 304 1530 343 versus
1571 305 1664 356 136.
1699 316 1790 343 cum
1811 303 2147 354 antecedentibus,
2169 302 2249 355 jam
2275 303 2412 354 olim..

258 383 302 414 ut
327 374 503 424 videtur,
533 373 668 412 Acron
691 373 874 421 senserat,
901 374 1013 424 cujus
1041 374 1089 411 ad
1118 386 1219 412 vers.
1242 386 1330 423 135·
1363 374 1483 412 verba
1508 373 1619 413 sunt:
1657 370 1796 415 Pudor
1822 384 1930 417 vetat
1954 388 2022 417 nos
2047 388 2073 415 a
2101 373 2313 429 majoribus
2336 375 2416 416 im.

251 447 402 496 cipere,
430 452 469 482 et
495 445 539 481 in
566 445 752 495 exiguum
793 438 974 494 definere.
1034 443 1215 482 Ceterum
1254 426 1417 481 Homeri
1454 442 1646 482 mentione
1678 440 1782 483 facta
1819 451 2029 494 temperare
2058 440 2129 484 fibi
2149 480 2150 483 ,
2168 444 2286 495 poeta
2313 448 2421 485 non*

251 512 417 562 potuit,
460 512 553 561 quin
596 523 685 551 eum
735 512 776 552 in
815 512 998 552 omnibus
1036 522 1078 552 ut
1127 512 1341 562 exemplum
1387 511 1688 552 commendaret.
1757 510 1872 565 Huc·
1903 510 2094 562 pertinent
2129 508 2214 554 illa‘-
2231 511 2272 555 in
2312 521 2398 554 vu·-

251 581 295 619 su
327 580 418 629 148.
449 589 487 620 et
515 580 623 630 seqq.

689 678 842 731 Semper
869 677 927 741 aaf
951 687 1124 718 eventum
1146 676 1318 729 festinat
1347 688 1385 718 et
1414 680 1456 719 in
1485 677 1632 718 medias
1659 693 1721 720 res

690 746 785 789 IVon
803 750 917 798 secus
946 761 993 788 ac
1021 757 1132 789 notas
1159 746 1376 788 auditorem
1413 749 1548 800 rapit,
1575 758 1650 789 cet.

310 860 466 913 ScholIa
498 861 662 901 Homeri
687 861 734 902 ad
769 860 879 902 Iliad.
908 861 961 903 A.
990 874 1051 912 pr.
1080 861 1169 902 αὕτη
1199 864 1265 908 γὶρ
1289 862 1391 908 ἀρετ-ἣ
1416 863 1596 909 ποιήσεως-ι,
1622 865 1664 902 τὶ
1699 863 1768 902 ἀπὶ
1792 867 1858 919 τῆν
1880 861 1988 909 μέσων
2017 859 2210 913 ἄρξασθαι,
2247 861 2400 909 Modo

248 930 286 966 δὲ
310 935 367 966 καὶ
398 936 459 971 τὴν
480 931 590 976 ἀρχὴν
610 932 801 977 ’διηγεῖσθαι
836 937 931 969 κατὰ
954 932 1059 977 μέρος.
1088 937 1129 970 et
1157 928 1272 970 verss.
1307 939 1398 980 151.
1428 929 1513 982 sqq.

676 1025 809 1074 Atque
837 1027 897 1061 ita
925 1026 1137 1071 mentitur,
1160 1026 1218 1074 sic
1246 1028 1345 1065 veris
1363 1024 1476 1076 falsa
1504 1026 1683 1082 remircet
1697 1055 1711 1073 ‚

684 1093 816 1131 Primo
844 1106 892 1129 ne
919 1090 1112 1140 medium,
1142 1092 1265 1132 medio
1294 1108 1341 1133 ne
1368 1092 1557 1144 discrepet
1579 1079 1716 1133 imum.

254 1206 334 1245 quo
380 1194 536 1236 nomine
577 1195 684 1237 illum
729 1195 843 1242 etiam
881 1194 1110 1238 Aristoteles
1148 1196 1319 1240 laudavit
1350 1197 1446 1240 Lib.
1477 1199 1544 1239 cit.
1574 1197 1719 1239 XXIV.
1750 1208 1790 1248 7.
1820 1199 1982 1245 δεδίδιιχε
2015 1198 2055 1236 33
2086 1200 2225 1243 μείλια
2254 1197 2402 1245 Ὅμηρος

249 1267 309 1303 xxi
332 1269 426 1310 uvae:
461 1266 590 1310 ἄλλους
616 1265 719 1311 ψευδῆ
743 1267 880 1314 λέγειν.
904 1267 949 1311 ὥς
974 1267 1033 1307 δεῖ.
1195 1296 1197 1298 »
1674 1249 1683 1293 ¹-

407 1331 461 1375 ‘v.
509 1335 601 1385 146.
640 1333 729 1374 Nec
762 1333 931 1375 reditum
973 1336 1193 1377 Diomedis.
1235 1347 1309 1378 cet.
1375 1337 1577 1376 Diomedis
1603 1349 1625 1374 a
1664 1335 1839 1384 Trojano
1871 1336 1971 1373 beno
2008 1335 2177 1374 reditum
2202 1334 2407 1386 fignificari

256 1403 464 1453 Nann1us,
507 1398 743 1442 Lambinus*
763 1404 902 1453 aliique
944 1405 1123 1444 censent:
1168 1416 1208 1444 et
1244 1408 1326 1457 jam
1358 1407 1450 1444 olim
1487 1405 1725 1445 Scholiastes
1767 1402 2051 1453 Cruquianus‚
2070 1402 2122 1444 ita
2151 1402 2319 1446 scribens
2355 1403 2405 1445 ad

256 1474 297 1513 h.
328 1474 355 1512 1.
387 1487 438 1514 ex
472 1474 622 1529 obliquo
640 1483 826 1514 Jaxatur
856 1475 1119 1515 Antimachus
1161 1472 1336 1528 Cyclicu}
1349 1505 1365 1525 ‚
1399 1478 1473 1528 qui
1504 1474 1676 1516 reditum
1708 1473 1913 1516 Diomedis
1931 1474 2132 1527 principis
2169 1474 2408 1518 Graecorum

252 1557 279 1583 a
308 1544 346 1583 T
341 1544 432 1596 noja
449 1596 452 1598 μ
470 1547 513 1583 in
552 1544 762 1583 Graeciam
791 1557 987 1593 narrans,
1016 1558 1100 1583 eum
1134 1547 1276 1599 incipit
1306 1546 1359 1586 ab
1385 1548 1554 1587 interitu
1570 1544 1775 1600 Meleagri
1784 1545 1944 1597 patrui.
1972 1541 2051 1584 Sed
2078 1542 2201 1595 alius,
2229 1543 2320 1586 item
2341 1556 2409 1586 an-

254 1614 387 1664 tiquus
412 1613 674 1663 Scholiastes,
710 1614 978 1664 Porphyrion,
1010 1615 1188 1663 quamvis
1212 1615 1252 1655 in
1279 1615 1518 1656 Antimacho
1547 1613 1798 1656 memorando
1824 1611 2059 1656 consentiens
2094 1612 2229 1665 (quem
2253 1614 2411 1665 poetam

257 1693 294 1723 et
325 1682 473 1734 in·vss.
507 1696 523 1722 ι
532 1685 586 1735 36
612 1692 649 1722 et
681 1695 773 1733 137.
805 1684 852 1723 ab
878 1683 1046 1722 Horatio
1075 1683 1180 1736 tangi
1206 1693 1323 1734 putat
1349 1684 1525 1734 Acron.)
1554 1685 1595 1725 in
1629 1685 1763 1726 ceteris
1796 1697 1818 1724 a
1846 1683 1966 1736 priori
1992 1678 2160 1724 diversus
2192 1682 2295 1741 abit:
2325 1683 2412 1725 An-

254 1754 453 1794 timachus
473 1782 488 1803 ‚
518 1753 670 1802 inquit,
693 1752 780 1804 fuit
817 1754 991 1805 Cyclicus
1021 1756 1152 1807 poeta.
1220 1753 1302 1796 Hic
1332 1754 1540 1810 aggressa:
1587 1764 1645 1797 est
1673 1755 1906 1805 materiam,
1954 1766 2073 1807 quam
2109 1753 2165 1806 sic
2207 1746 2410 1817 eitendiq‘,

256 1834 305 1865 ut
332 1823 463 1865 XXIV
490 1825 685 1864 volumina
729 1824 944 1875 impleverit
959 1850 975 1875 ‚
997 1834 1205 1876 antequam
1229 1825 1376 1878 septem
1413 1824 1529 1866 duces
1546 1823 1603 1864 ad
1627 1823 1777 1865 Thebas
1800 1824 2045 1877 perduceret.
2099 1822 2409 1874 Porphyrion-em

255 1903 359 1933 certe
396 1906 442 1932 ex
476 1902 585 1944 parte
618 1893 755 1931 ducem
785 1891 937 1932 secutus
970 1892 1269 1942 Haberfeldius‚
1296 1893 1462 1940 reditum
1496 1893 1538 1933 h.
1567 1893 1596 1933 1.
1625 1892 1827 1947 Diomedis
1853 1893 1902 1934 ab
1934 1892 2205 1945 Epigonorum
2230 1892 2279 1933 ad
2306 1891 2412 1933 The-

257 1964 330 2002 bas
358 1963 459 2001 bello
491 1961 721 2012 fignificari,
741 1960 951 2001 verosimile
964 1960 1129 2012 judicat.
1183 1961 1244 2002 De
1272 1961 1508 2003 Antimacho
1537 1960 1719 2013 quidem,
1749 1973 1798 2003 an
1828 1972 2039 2013 umquam,
2066 1969 2215 2013 praeter
2241 1961 2410 2007 Thebai·
2461 1996 2476 2017 z

256 2032 372 2081 dem,
416 2031 529 2071 etiam
564 2034 705 2081 poema
743 2030 948 2082 Epigonos
993 2028 1277 2082 conscripserit,
1333 2040 1446 2082 atque
1484 2042 1573 2071 eum
1617 2030 1777 2073 omnino
1806 2031 1866 2073 vel
1903 2030 1999 2073 illud
2035 2030 2117 2083 ejus
2150 2042 2252 2082 opus
2278 2039 2407 2072 taxare

256 2100 399 2142 Noster
437 2101 476 2141 h.
507 2102 535 2139 1.
568 2098 772 2150 voluerit‚·
799 2100 917 2140 dubia
959 2113 1019 2139 res
1047 2100 1168 2140 videri
1212 2109 1326 2150 queat
1357 2113 1404 2141 ex
1432 2100 1580 2140 erudita
1611 2099 1872 2152 disputatione
1909 2100 2208 2152 Schellenbergii
2243 2100 2292 2151 de
2326 2101 2410 2143 vita

257 2180 297 2212 et
324 2170 472 2222 scriptis
497 2170 720 2210 Antimachi
736 2183 778 2221 p.
810 2183 863 2210 20
907 2169 991 2220 sqq.
1011 2170 1156 2220 iisque,
1185 2183 1296 2220 quae,
1306 2169 1355 2209 ad
1376 2170 1419 2209 h.
1449 2168 1570 2221 ipsum
1596 2171 1727 2212 locum
1748 2168 1911 2211 Haberf.
1928 2169 2111 2221 disputat.
2168 2169 2288 2222 Quod
2314 2170 2416 2212 enim

258 2250 444 2291 tanquam
478 2240 752 2291 Epigonorum
783 2239 1007 2279 Antimachi
1039 2239 1274 2291 principium
1304 2238 1436 2278 laudat
1457 2239 1659 2279 Scholiast.
1689 2238 1964 2290 Aristophanis
1987 2238 2035 2278 ad
2057 2239 2195 2280 Pacem
2214 2249 2255 2280 v.
2291 2250 2409 2290 1270.

261 2311 361 2351 idem
397 2320 441 2350 ut
471 2308 674 2350 Homerici
717 2309 844 2360 opesis
889 2308 1039 2350 initium
1074 2308 1166 2349 citat
1196 2309 1351 2349 Auctor
1385 2308 1545 2350 Homeri
1571 2317 1609 2349 et
1635 2308 1794 2350 Hesiodi
1831 2307 2047 2349 certaminis
2071 2320 2113 2360 p.
2147 2321 2212 2359 14.
2242 2307 2322 2350 Ed.
2352 2307 2410 2350 H.

201 2379 204 2382 ’
261 2380 462 2432 Stephani.
499 2379 552 2418 Et
577 2378 662 2419 sane
690 2380 770 2431 Jam
808 2379 998 2419 Herodoti
1028 2379 1268 2430 temporibus
1297 2378 1518 2420 ferebantur
1546 2378 1731 2427 Ἐπίγονοι,
1761 2391 1915 2420 carmen
1941 2365 2111 2431 Epicum
2130 2377 2232 2431 (vid.
2256 2377 2410 2420 Herod.

251 2449 331 2499 JV.
367 2449 457 2505 32.)
490 2449 595 2489 haud
622 2449 707 2489 sane
743 2449 1070 2490 contemnendum
1099 2461 1226 2501 opus,
1255 2462 1299 2489 ut
1317 2450 1377 2490 vel
1403 2462 1423 2489 e
1443 2448 1626 2491 Pausania
1652 2447 1814 2491 constat.
1843 2448 1913 2490 IX.
1945 2460 1987 2500 9.
2018 2446 2096 2489 Sed
2127 2446 2241 2489 fuerit
2262 2456 2411 2501 praeter

260 2522 339 2561 hoc
366 2507 488 2560 *etiam
516 2519 740 2559 Antimachi
779 2531 930 2559 carmen
959 2513 1043 2571 eJ‘us
1070 2518 1242 2559 nominis
1282 2518 1416 2570 (quod
1451 2532 1499 2560 ne
1537 2519 1783 2570 Porphyrion
1818 2518 1972 2571 quidem
2002 2516 2090 2560 satis
2119 2516 2291 2575 expedite
2320 2528 2414 2570 pro-

262 2591 339 2639 dit)
368 2599 470 2630 certe
504 2598 543 2629 et
586 2589 701 2641 hujus
745 2599 782 2629 et
825 2589 978 2629 alterius
1018 2590 1196 2631 carminis
1231 2598 1498 2641 argumentum
1526 2589 1659 2641 potius
1682 2588 1953 2642 Epigonorum
1980 2587 2028 2630 ad
2057 2585 2214 2629 Thebas
2240 2586 2412 2639 bellum,

263 2670 382 2708 quam
409 2658 681 2710 Epigonorum
715 2657 755 2698 in
792 2657 953 2708 patriam
990 2658 1039 2698 ab
1070 2658 1136 2698 illo
1178 2658 1281 2698 bello
1316 2658 1463 2701 reditus
1497 2656 1593 2699 fuit:
1635 2658 1748 2711 qu'us
1777 2658 1934 2711 quidem
1960 2657 2201 2709 peculiariter
2238 2668 2260 2697 a
2286 2657 2414 2709 poetis

264 2727 444 2768 celebrati
482 2728 608 2778 nulla,
639 2726 748 2779 quod
779 2725 923 2778 sciam,
951 2727 1055 2779 apud
1091 2736 1238 2769 veteres
1265 2728 1409 2767 mentio
1442 2727 1573 2768 exstat.
1617 2728 1774 2778 ,Neque
1798 2728 2069 2780 Epigonorum
2091 2728 2133 2768 in
2152 2725 2419 2778 suamscujus·

265 2810 341 2850 que
367 2796 527 2839 domum
559 2807 625 2838 aut
665 2797 828 2851 patriam
863 2797 1056 2837 redeuntis
1096 2799 1175 2838 fata
1212 2796 1358 2851 singula
1400 2802 1607 2850 poetarum
1650 2797 1765 2849 digna
1807 2797 2043 2839 carminibus
2081 2795 2253 2838 fuerunt.
2310 2794 2417 2837 Clari

265 2867 421 2920 quidem
455 2877 609 2924 postea¹
629 2867 737 2908 casus
771 2869 1046 2908 Alcmaeonis:
1087 2861 1151 2908 sed
1190 2869 1325 2908 eximie
1364 2870 1533 2910 reditum
1572 2869 1821 2910 Alcmaeoni:
1853 2866 2036 2909 celebrari
2081 2876 2275 2917 nusquam
2318 2864 2418 2907 vidi-

268 2950 367 2979 mus.
425 2939 491 2979 An
535 2938 655 2991 igitur
686 2939 888 2980 Diomedis
923 2938 1121 2981 reditum?
1157 2939 1283 2982 Posfit
1325 2940 1388 2980 hic
1429 2939 1569 2991 aliquis
1601 2940 1730 2980 locum
1769 2951 1902 2992 urgere
1933 2936 2134 2979 Strabonis
2170 2936 2222 2977 X.
2253 2947 2294 2988 p.
2329 2938 2424 2988 709.

267 3008 427 3050 scribere
458 3008 676 3061 Ephorum
716 3008 927 3051 tradentis:
986 3009 1207 3059 Ἀλκμαίωνα
1230 3014 1513 3059 nepam-effectura
1535 3014 1628 3058 μετὰ
1651 3008 1833 3057 Διομήδους
1856 3009 1915 3050 καὶ
1938 3015 2006 3051 τῶν
2025 3008 2143 3051 ἄλλων
2167 3004 2345 3054 Ἐπιγόνων
2366 3008 2426 3046 καὶ
