2709 3430
859 11 1920 103 EPIsToLAAn'Plsol'JJES.
2417 54 2464 93 33

311 161 418 203 quae
434 148 521 203 jam
553 137 658 189 aune
680 144 807 187 dicere
829 149 947 204 poeta
978 145 1105 187 debet.
1164 143 1555 196 Fatendum,tamen,
1581 144 1609 188 fi
1634 147 1718 199 jam
1744 128 1847 189 nunc
1874 156 2046 197 exponas
2070 146 2270 188 interdum
2289 175 2304 198 ,
2329 148 2456 191 minus

314 216 470 269 planum
489 215 566 259 esse
591 214 742 256 Horatii
767 223 1028 270 praeceptum.
1064 213 1171 275 Nam
1200 224 1317 264 quare
1351 212 1540 256 Interdum
1567 215 1694 257 omnia
1714 218 1832 268 poeta
1852 215 2025 255 dicturus
2047 224 2129 266 est,
2159 216 2359 273 interdum«
2377 230 2456 273 non

316 287 445 328 omnia
460 287 481 328 2
507 285 754 336 Praeceptum
787 283 930 335 vide03
958 284 1144 325 rationem
1170 293 1251 323 non
1277 282 1412 324 video:
1442 295 1557 336 quam
1576 277 1709 326 vtamen
1743 286 1860 336 alias,
1888 285 1958 326 nifi
1989 284 2119 326 diserte
2155 285 2295 327 addere
2309 316 2325 338 ,
2355 296 2456 329 certe

315 355 549 399 subindicare
564 353 753 397 Horatius
778 352 1034 396 solet.'Addit
1056 351 1274 404 Bentlejus:
1302 354 1497 396 interdum
1510 356 1724 412 pleraque,
1752 369 1852 411 quae
1872 354 2061 398 debebant
2083 356 2163 399 dici
2187 367 2224 399 et
2245 357 2304 399 ad
2327 359 2454 400 locum

305 426 583 481 pertinebant,
610 420 772 478 differat*
795 426 837 464 in
858 423 974 465 aliud
997 431 1181 477 tempus,
1198 434 1246 462 ne
1277 424 1371 464 mole
1387 418 1539 476 scilicet
1563 428 1628 461 τῶν
1652 429 1848 470 nasein-em
1875 427 2064 467 obruatur
2088 429 2206 468 Iec‘or
2230 438 2269 467 et
2308 442 2452 469 narra-

312 498 431 537 eIom‘s
452 494 567 548 filum
590 497 766 535 amittat.
820 494 964 545 Igitur,
990 493 1059 532 ubi
1077 493 1141 532 illa
1161 493 1282 531 moles
1306 495 1502 538 περιςάσεων
1523 504 1602 531 non
1623 492 1766 541 aderit,
1795 496 1922 533 omnia
1950 495 2063 534 dicet.
2102 497 2156 535 At
2179 497 2225 536 de
2246 498 2305 536 his
2327 498 2453 539 omni-

315 565 392 604 bus
416 577 463 605 ne
492 564 651 605 verbum
676 563 830 613 quidem
856 564 961 614 apud
982 562 1206 602 Horatium.
1262 562 1435 610 Vereor,
1453 571 1496 601 ut
1525 560 1612 601 satis
1633 560 1832 602 attenderit
1855 560 2047 614 Bentlejus.
2076 563 2123 603 ad
2152 564 2227 604 vim
2251 566 2360 606 vocis
2382 565 2453 608 de-

314 636 462 676 bentia.
485 633 540 675 cf.
555 631 717 673 Haberf.
733 642 771 672 et
794 633 934 684 Engel.
962 629 1120 682 Poetis,
1144 641 1188 671 ut
1202 643 1281 671 non
1304 629 1372 670 nisi
1387 629 1590 671 necessaria
1604 630 1805 682 (debentia
1819 631 1884 672 dic
1868 633 1921 682 ι’)
1937 633 2102 673 carmine
2127 634 2450 687 complectantur,

284 697 289 700 ’
315 704 427 743 etiam
441 702 663 742 Aristoteles
683 701 868 753 praecipit
887 701 990 752 Cap.
1004 698 1107 744 Vm.
1122 701 1159 751 S.
1187 712 1225 752 3.
1254 696 1300 739 o
1300 715 1414 746 μηρος,
1443 702 1546 747 ἕσπερ
1570 704 1628 739 καὶ
1642 704 1690 739 τὰ
1711 702 1812 738 ἄλλα
1835 702 2003 749 suavem,
2030 706 2087 740 καὶ
2114 717 2200 740 rouv-
2204 702 2308 741 ’ἔοικε
2332 711 2451 751 καλῆς

314 774 407 815 ἰδεῖν,
434 771 507 813 ἤτοι
536 773 592 810 διὰ
619 774 760 818 τέχνην,
785 786 804 812 n
829 769 887 808 Σιὶ
911 770 1022 817 Φῦσιν.
1078 762 1276 807 Ὀδυσσὲιοιν
1304 773 1370 815 ‘step
1392 776 1507 809 ποιῶν,
1532 783 1590 806 ουκ
1624 768 1771 810 ἐποίησεν
1802 770 1940 808 ἅπαντα
1966 770 2029 808 ὅσοι
2065 770 2158 819 αὐτῷ
2191 773 2336 818 συνέβη·
2389 770 2455 811 οἷον

314 838 481 887 „my-57¹⁹&
513 844 575 885 μὲν
597 839 632 876 ἐν
664 843 712 885 τῷ·
745 823 949 883 Παρνασσῷ,
976 838 1113 881 μανῆναι
1141 835 1180 872 ³3
1200 835 1473 880 προσποιησασθοα
1495 835 1529 870 ἓν
1557 839 1606 881 τῷ
1632 836 1779 882 ἀγερμῷ·
1801 835 1842 873 ἦν
1866 837 1955 874 οὐδὲν
1982 839 2117 882 θατέρου
2142 840 2312 885 γενομένου
2345 839 2451 887 ἄνωγ-

314 910 407 945 καῖον
434 906 466 951 ’ἦν
490 906 509 948 ἢ
544 907 630 948 eiu),-
654 907 783 950 δάν-ερον
813 901 981 949 γενέσθαι·
1005 898 1108 939 ἂλλὶ
1134 902 1205 946 περὶ
1235 901 1315 947 μίαν
1342 896 1478 946 πρᾶξιν,
1505 897 1572 935 obv
1595 900 1756 945 λέγομεν,
1785 900 1843 941 γῆν
1865 900 2059 939 Ὀδύσσειαν
2083 905 2261 945 συνέφησεν.

366 975 404 1016 Ε
429 968 561 1015 nostra
577 972 729 1023 quidem
751 964 879 1023 igitur*
892 968 1071 1010 sententia
1094 968 1210 1009 verba
1231 968 1294 1009 iila
1297 969 1490 1022 pleraque
1509 965 1685 1021 dfflrat.
1713 976 1786 1008 cet.
1814 967 2010 1020 separatim
2035 970 2121 1012 sunt
2141 970 2337 1013 sumenda.
2377 973 2451 1016 Re-

316 1043 604 1097 gelsbergeruS,
634 1053 681 1082 ne
708 1040 768 1081 bis
796 1039 898 1079 idem
920 1038 1053 1079 dixisse
1074 1040 1190 1090 poeta
1202 1036 1397 1087 videatur,
1411 1037 1593 1090 differat.-
1616 1040 1797 1086 omittat3
1826 1038 1933 1087 prius
1953 1040 2112 1079 verbnm
2139 1042 2305 1091 explicat
2323 1043 2450 1097 Δίφο-

315 1107 388 1157 rtat
415 1125 459 1155 ac
488 1109 641 1154 dividat
667 1110 712 1150 in
734 1109 927 1161 sequentes
955 1115 1081 1159 partes
1103 1137 1119 1157 ‚
1158 1118 1238 1158 quo
1274 1105 1378 1147 sensu
1413 1105 1573 1147 verbum
1605 1105 1762 1159 differre
1779 1106 1924 1146 Noster
1952 1108 2062 1148 etiam
2100 1109 2275 1150 adhibuit
2311 1111 2445 1163 Epod.

316 1183 370 1226 V.
400 1192 468 1235 99.
506 1180 621 1222 Forte
648 1177 874 1231 ingeniosius
914 1187 1029 1228 quam
1056 1176 1199 1216 verius.
1255 1176 1411 1226 Neque,
1436 1174 1465 1214 si
1498 1178 1541 1216 in
1567 1177 1752 1229 psaesens
1781 1186 1927 1229 tempus
1959 1173 2165 1217 nobiscum
2198 1192 2366 1230 exponas
2401 1187 2446 1222 in

310 1254 429 1308 suum
459 1259 607 1304 tempus
633 1257 671 1289 et
690 1247 864 1288 idoneum
880 1245 1224 1297 (quemadmodum
1248 1245 1326 1295 jam
1356 1246 1448 1284 olim
1470 1245 1683 1295 exposuisse
1708 1246 1960 1283 Laurentium
1981 1247 2130 1285 Vallam
2152 1248 2247 1288 Lib.
2262 1249 2333 1289 IV.
2360 1251 2449 1291 Ele-

318 1320 531 1377 gantiarum
561 1318 775 1359 Glareanus
804 1315 919 1355 docet
945 1314 993 1352 ad
1020 1314 1061 1353 h.
1091 1314 1146 1366 l.)
1171 1325 1219 1352 eo
1247 1325 1441 1352 recurrere
1470 1312 1618 1353 necesse
1645 1323 1718 1353 est.

478 1402 520 1432 v.
548 1398 618 1440 45.
676 1387 762 1429 Hoc
786 1395 916 1434 amet,
944 1385 1011 1423 hoc
1030 1384 1208 1451 spernat.
1238 1393 1315 1422 cet.
1370 1383 1492 1421 Arist.
1525 1383 1628 1421 VIII.
1659 1385 1698 1432 ς.
1732 1396 1771 1433 3.
1800 1384 1890 1422 loco
1918 1383 2031 1435 supra
2064 1385 2210 1436 citato,
2238 1387 2452 1430 Homerum

317 1461 473 1511 laudat,
502 1457 608 1510 quod
634 1468 713 1496 non
750 1455 879 1494 omnia
910 1452 1041 1500 dicat,
1070 1463 1167 1501 quae
1194 1450 1323 1501 Ulysfi
1359 1449 1596 1490 acciderunt.
1664 1451 1742 1490 Hie
1784 1452 1900 1502 igitur
1933 1455 2118 1493 nonnulla
2155 1456 2324 1507 amavit,
2353 1471 2453 1501 non..

318 1531 423 1573 nulla
464 1527 628 1579 sprevit,
670 1514 794 1575 neque
826 1521 954 1562 omnia
989 1519 1175 1572 sigillatim
1207 1517 1403 1557 exsecutus
1431 1527 1542 1567 est,
1555 1531 1651 1568 quae
1692 1520 1831 1568 quovis
1878 1521 1997 1560 modo
2032 1522 2070 1562 in
2113 1535 2376 1573 argumentum
2413 1538 2453 1567 et

317 1599 573 1643 narrationem
605 1593 838 1637 incidebant.
895 1590 1040 1630 Verum
1055 1618 1070 1640 ,
1096 1588 1222 1639 inquit
1247 1588 1461 1638 BentleJus‚
1489 1589 1589 1641 quid
1614 1589 1685 1631 hoc
1713 1589 1830 1630 aliud
1856 1601 1938 1641 est,
1959 1604 2078 1646 quam
2102 1593 2267 1638 delectus
2287 1596 2452 1638 rerum?

318 1669 420 1725 quid
448 1666 589 1717 aliud,
613 1678 729 1719 quam
760 1661 867 1718 quod
889 1660 998 1712 rerfie
1025 1658 1173 1700 demum
1204 1666 1280 1707 150
1307 1657 1498 1698 habetur:

1510 1763 1548 1794 et
1570 1766 1672 1806 quae

737 1828 935 1880 Desperat
960 1832 1136 1866 tractata
1164 1826 1348 1865 nitescere
1361 1821 1500 1875 posse,
1527 1823 1713 1874 relinquit
1723 1819 1748 1860 2-

373 1933 432 1975 At
459 1931 579 1985 neque
605 1929 665 1970 bis
694 1926 793 1967 idem
824 1926 970 1967 diceret
993 1922 1160 1974 Noster,
1190 1934 1308 1975 neque
1334 1930 1415 1960 tam
1451 1930 1580 1961 mutus
1609 1930 1681 1961 aut
1711 1920 1910 1962 verborum
1932 1933 2085 1977 pauper
2122 1937 2236 1976 erat,
2269 1939 2315 1969 ut
2332 1941 2454 1983 prae-

323 1986 425 2055 cepto
466 2001 532 2040 boc
569 1997 616 2038 de
649 1996 909 2049 incidentibus
933 1998 1030 2034 'tam
1062 1993 1232 2032 breviter
1252 2019 1266 2039 ,
1302 1991 1511 2042 leviterque
1560 1988 1854 2045 defungeretur.
1933 1992 2050 2034 Hisce
2079 2004 2210 2036 motus
2262 2008 2452 2048 punctum

321 2070 446 2124 posuit
472 2077 563 2119 post
590 2069 770 2108 omittat:
801 2062 887 2104 dein
915 2061 1048 2102 ordine
1078 2058 1254 2101 versuum
1282 2066 1430 2098 mutato
1456 2056 1507 2098 fic
1535 2057 1704 2110 scripsit:

750 2159 799 2199 In
826 2156 949 2198 verbis
976 2157 1090 2195 etiam
1117 2155 1245 2194 tenuis
1272 2160 1484 2204 cautusque
1503 2151 1679 2204 serendis

754 2227 839 2268 Hoc
866 2234 997 2275 amet,
1027 2223 1093 2265 hoc
1114 2222 1277 2276 spernat
1294 2220 1477 2275 promissi
1499 2224 1686 2263 carminis
1712 2231 1865 2266 auctor.
2292 2258 2317 2274 x

376 2340 433 2380 Ut
460 2337 627 2378 delectus
641 2331 880 2374 adhibendus
895 2328 969 2370 esse
994 2328 1199 2368 verborum
1224 2325 1478 2376 significetur,
1506 2337 1586 2365 non
1614 2336 1753 2364 rerum.
1784 2324 1991 2376 Bentlejufn
2015 2326 2222 2378 sequuntur
2252 2331 2444 2377 Sanadon.

319 2407 486 2450 Gesner.
516 2402 712 2445 VVieland.
766 2400 853 2440 Nos
879 2408 997 2445 ver0,
1027 2395 1234 2445 quominus
1271 2405 1358 2432 eum
1397 2392 1662 2442 sequeremur,
1689 2401 1836 2442 praeter
1868 2403 2039 2439 veterum
2066 2397 2418 2449 Grammaticorum
2435 2434 2451 2455 ,

322 2478 586 2525 librorumque
611 2472 732 2513 MSS.
754 2470 792 2511 in
815 2468 968 2520 vulgata
989 2465 1151 2505 lectione
1176 2462 1318 2521 tuenda
1344 2460 1591 2512 consensum,
1619 2461 1794 2512 inprimis
1823 2462 1935 2503 etiam
1957 2464 2028 2505 hae
2056 2477 2258 2509 moverunt
2277 2471 2443 2514 caussae,

322 2548 480 2597 Primo,
507 2542 618 2585 nobis
646 2539 800 2592 quidem
829 2537 941 2579 etiam
957 2566 971 2587 ,
997 2534 1092 2575 ficut
1112 2533 1305 2574 Lambino
1331 2530 1583 2581 Dacierioque
1601 2539 1639 2571 et
1666 2529 1942 2583 Haberfeldio,
1973 2535 2092 2585 poeta
2120 2547 2206 2575 cum
2236 2538 2275 2576 h.
2306 2552 2347 2579 v,
2375 2553 2447 2594 45,

322 2627 405 2660 tum
429 2625 467 2658 et
494 2613 593 2656 infra
614 2624 653 2654 v.
686 2621 775 2662 150.
807 2609 854 2649 de
888 2604 1066 2660 prudenti
1103 2615 1229 2644 rerum
1263 2613 1369 2655 agere
1412 2600 1561 2640 delectu
1595 2599 1823 2642 videbatur:
1867 2614 2010 2657 neque„
2030 2613 2152 2644 tamen
2184 2605 2296 2657 ideo,
2335 2611 2445 2659 quod

323 2672 513 2739 BentleJus
551 2668 675 2725 statuit
697 2709 713 2732 ,
755 2678 855 2721 idem
886 2678 946 2719 bis
972 2674 1096 2717 dieere
1135 2673 1348 2714 videbatur.
1403 2670 1599 2710 Nimirum
1614 2723 1617 2725 Β
1632 2671 1673 2710 in
1704 2671 1812 2710 versu
1855 2683 1930 2722 150
1957 2673 2129 2711 laudatur
2166 2674 2362 2718 Homerus
2396 2693 2444 2721 eo

315 2756 504 2805 nomine,
542 2746 648 2806 quod
683 2764 781 2806 quae
811 2735 985 2790 tractata
1020 2747 1201 2799 nitescere
1217 2745 1329 2798 posse
1354 2740 1574 2800 desperabat
1591 2769 1607 2791 ,
1633 2741 1840 2792 reliquerit.
1905 2742 2026 2792 Atqui
2056 2741 2325 2795 saepenumero
2359 2761 2438 2792 non

322 2817 416 2866 haec
451 2833 597 2863 tantum
638 2820 845 2869 relinquere
888 2820 1008 2868 poeta
1044 2815 1182 2862 debet,
1211 2812 1274 2856 sed
1303 2813 1367 2852 issa
1397 2812 1512 2856 etiam
1526 2839 1540 2860 ,
1569 2819 1668 2860 quae
1682 2840 1697 2863 ,
1736 2809 1909 2860 quamvis
1943 2809 2042 2850 forte
2070 2813 2252 2854 nitescere
2274 2824 2437 2857 tractata

322 2892 475 2946 possent
489 2922 504 2944 ,
532 2886 692 2931 attamen
733 2886 900 2929 auctoris
924 2881 1122 2939 pro‘pofito
1156 2882 1282 2925 minus
1324 2879 1595 2931 convenirent,
1631 2888 1670 2921 et
1705 2888 1747 2923 ut
1781 2879 1900 2921 verbo
1935 2878 2059 2921 dicam
2073 2911 2087 2932 ‚
2117 2882 2283 2924 ordinem
2311 2889 2435 2939 operis

322 2956 534 3004 turbarent.
557 2994 559 2996 .
590 2961 650 3002 De
688 2958 733 2998 iis
767 2956 882 3009 igitur
916 2967 1024 3008 agere
1050 2954 1242 2995 Nostrum
1269 2959 1399 3004 putem
1432 2951 1472 2991 in
1496 2962 1538 2992 v.
1566 2959 1635 3001 45.
1675 2949 1766 2993 Hoc
1801 2958 1927 2992 autem
1956 2959 2158 3003 praecepto
2192 2951 2322 2994 leviter
2353 2953 2438 3011 bye-

1394 3018 1431 3060 Ε
