2709 3430
753 43 1251 117 ”uptsToLA
1303 57 1406 103 an
1458 44 1838 103 p1s‘onizs
2344 64 2401 111 4⁷

432 174 475 206 v.
506 176 602 209 ΜΩ.
656 165 839 211 Indootus
853 156 958 224 §uid
972 171 1072 212 enim
1089 152 1260 224 saperet.
1289 142 1362 211 ceti
1418 169 1536 212 Hunc
1562 180 1600 209 et
1628 168 1845 219 sequentem
1869 166 2014 209 versum
2038 164 2180 217 Engel.
2209 163 2299 214 hinc
2330 177 2394 206 ex·

266 235 399 288 pellit:
426 243 496 288 ut,
525 237 594 290 qui
609 235 816 279 manifesto
835 249 930 279 cum
954 237 1263 280 antecedentibus
1285 248 1470 292 pugnent.
1486 239 1623 292 Engel.
1647 239 1849 288 videlicet,
1868 237 2060 277 [im-dium
2085 234 2267 286 scennis,
2285 233 2413 276 vetfu

273 318 369 347 202.
398 314 436 347 et
453 305 539 357 sqq.
564 305 765 364 historiam
784 308 1026 351 excultorum
1050 306 1180 349 sensim
1202 308 1307 359 apud
1333 308 1533 351 Romanos
1549 308 1785 349 scenicorum
1811 307 2020 347 modorum
2044 317 2088 346 et
2111 305 2272 347 musices
2290 304 2394 346 tradi

272 376 459 426 putabat,
487 387 654 426 quacum
678 368 858 427 opinione
883 386 985 419 certe
1006 376 1136 419 versus
1158 389 1251 417 212.
1276 385 1313 417 et
1332 390 1424 429 2¹3·
1447 378 1487 420 in
1511 365 1760 419 concordiam
1791 377 1910 429 redigi
1941 388 2022 418 non
2059 374 2169 418 facile
2194 384 2392 428 poterant.

274 441 449 486 Sedffioc
474 443 597 498 ipsum
629 445 850 498 opinionem
883 447 984 488 illam
1008 444 1223 500 suspectam
1247 445 1282 487 ei
1314 444 1439 488 faeere
1466 446 1682 502 debuerat,
1710 457 1799 487 cum
1830 451 2064 487 contrariam
2088 445 2268 488 Lambini
2299 446 2395 489 alio-

274 526 439 567 rumque
461 515 687 557 sententiam
705 545 720 567 ,
737 528 817 558 nou
844 518 1020 558 excultae
1050 512 1110 558 sed
1140 516 1364 568 depravatae
1376 515 1547 559 Mufices
1563 517 1761 558 historiam
1786 516 1850 557 hic
1874 516 2001 566 tradi,
2029 517 2160 568 pulcre
2176 516 2325 564 firment
2354 518 2408 559 hs

271 586 420 628 versus.
477 586 664 643 Horatius
688 586 859 639 scilicet,
886 586 1070 639 expositis
1105 583 1215 640 prius
1251 588 1363 629 chori
1387 588 1520 630 officiis
1562 600 1607 628 ac
1641 598 1822 638 munere,
1863 586 2005 628 choros
2040 585 2096 627 sui
2131 586 2315 639 temporis
2347 587 2397 628 iis

273 670 355 699 non
374 669 443 709 pet
461 657 593 714 omnia
608 655 946 707 safisfacere,imo
974 644 1266 709 saepe'penitus
1296 658 1343 701 ab
1374 658 1424 701 iis
1451 658 1649 699 deflectere
1684 656 1881 710 fignificat.
1911 657 2008 709 EJ'us
2042 666 2169 699 autem
2194 658 2247 699 rei
2282 669 2396 700 caus·

270 727 348 768 sam
371 728 482 779 ponit
502 718 542 769 in
568 728 713 778 nimio,
740 741 810 769 nec
834 727 1013 779 prudenti
1033 727 1155 770 choro
1177 728 1384 770 accinentis
1407 726 1591 780 musices,
1615 738 1694 771 non
1716 726 1860 770 sobriae
1885 727 1964 781 Jatn
1993 737 2031 770 et
2055 736 2203 780 castae,
2232 727 2398 771 sedma·

270 799 333 850 gis
365 798 564 850 magisque
582 797 622 839 in
648 796 729 838 dies
749 795 1002 846 lascivientis,
1027 795 1169 839 studio.
1208 795 1323 857 Tibia
1341 797 1437 842 olim
1461 798 1616 847 tenuis,
1640 795 1822 851 simplex,
1847 807 1884 838 et
1906 806 2087 848 tantum,
2110 808 2154 839 ut
2176 799 2299 839 choro
2317 799 2407 839 ad·

274 866 456 920 spiraret,
483 866 560 908 five
580 865 633 906 ob
672 866 836 906 chorum
870 872 963 904 erat.
1021 862 1175 905 Horatii
1209 872 1343 904 contra
1373 864 1640 915 temporibus,
1682 872 1725 903 ut
1759 866 1953 907 tibicinem
1974 868 2034 905 vei
2062 868 2302 906 citharistam
2327 879 2398 917 po-

272 938 411 991 pulus
434 923 607 987 audiret,
643 926 787 977 chorus
822 932 1100 986 inducebatur,
1139 933 1252 976 etiam
1292 945 1379 976 curn
1408 934 1511 974 nulia
1546 934 1616 974 alia
1649 933 1856 974 inducendi
1895 933 2024 981 caussa
2064 934 2171 975 esset.
2229 936 2287 976 lbi
2321 946 2405 989 tum

273 1008 369 1050 nihil
401 1006 451 1061 ad
474 1013 738 1059 argumentum
761 1002 912 1044 fabulae
935 1001 1127 1056 pertInens
1153 1004 1230 1053 (cs.
1260 1017 1320 1046 vs
1359 1018 1450 1057 194.
1439 1004 1475 1055 .)
1502 1003 1564 1044 ied
1592 1004 1641 1044 ad
1678 1004 1908 1045 lascivientis
1950 1006 2064 1045 tibiae
2085 1007 2297 1047 citharaeve
2319 1021 2404 1048 mo-

273 1078 349 1119 dos
371 1075 737 1126 accommodatum,
767 1083 880 1126 atque
897 1074 950 1115 ita
972 1073 1079 1126 saepe
1104 1075 1301 1127 turgidum
1336 1084 1374 1115 et
1408 1073 1613 1114 obscurum
1641 1073 1837 1121 insonabat
1872 1076 2082 1116 canticum.
2157 1078 2247 1118 Hoc
2284 1078 2402 1132 igitur

273 1148 406 1199 culpat
427 1142 643 1196 Horatius3
672 1144 780 1185 fimul
805 1152 930 1184 autem
958 1145 998 1185 in
1022 1157 1060 1186 v.
1092 1154 1183 1196 204.
1209 1153 1433 1196 apparatum
1465 1144 1683 1194 scenicum,
1720 1145 1767 1184 de
1801 1156 1881 1194 quo
1906 1145 2061 1185 similem
2090 1146 2283 1187 censuram
2325 1149 2404 1200 egit

273 1217 389 1257 etiam
400 1215 536 1267 Epist.
566 1212 614 1254 ad
632 1214 803 1266 August.
828 1213 922 1253 Lib.
946 1214 996 1253 Π.
1024 1225 1061 1253 1.
1088 1222 1175 1254 vers
1199 1218 1289 1255 182.
1312 1213 1398 1265 sqq.
1456 1214 1564 1252 Haec
1603 1222 1729 1252 autem
1757 1215 1887 1253 omnia
1915 1215 2044 1255 scenae
2063 1216 2158 1259 vitia
2184 1226 2286 1257 recte
2315 1217 2405 1268 ipsis

270 1284 554 1339 spectatoribus
577 1285 696 1336 potta
717 1283 895 1334 imputat.
952 1282 1057 1323 Cum
1075 1282 1177 1323 enim
1204 1281 1393 1335 spectator
1416 1281 1598 1322 indoctus
1630 1280 1709 1321 sola
1740 1282 1894 1333 quidem
1916 1282 2034 1335 ipsius
2058 1283 2238 1324 dramatis
2265 1288 2411 1337 pulcri-

278 1357 411 1399 tudine
438 1353 596 1403 detineri
631 1363 709 1394 non
733 1350 886 1404 posset,
913 1362 1028 1402 eum,
1066 1362 1157 1392 cum
1184 1341 1371 1404 apparatu
1402 1353 1579 1404 scenice,
1607 1352 1858 1401 Deorumque
1892 1365 1939 1392 ex
1972 1354 2162 1393 machmis
2193 1356 2412 1397 interventu

276 1428 381 1482 (vid.
417 1426 558 1468 Cicero
583 1420 675 1464 Lib.
701 1422 732 1463 1.
769 1423 877 1465 Fam.
907 1432 946 1471 7.
967 1420 1134 1464 Phaedr.
1162 1422 1215 1461 V.
1244 1422 1342 1462 Fab.
1371 1422 1461 1461 Vli.
1492 1433 1533 1473 7.
1566 1434 1631 1471 23.
1664 1421 1764 1471 ἀμ)
1801 1431 1885 1462 tum
1905 1423 2018 1464 <tium
2049 1424 2267 1475 grandioris
2292 1428 2409 1468 tubae

274 1499 400 1547 sono,
428 1506 645 1545 vocumque
662 1523 677 1544 ,
704 1502 741 1533 et
767 1493 973 1533 modorum
1005 1492 1248 1533 flectionibus
1278 1490 1443 1532 detinere
1477 1490 1535 1540 ii,
1563 1491 1631 1541 qui
1660 1490 1776 1552 ludos
1800 1491 1966 1543 dabant,
1988 1495 2115 1536 conati
2140 1494 2240 1539 sunt.
2298 1498 2409 1552 Quo-

276 1567 396 1610 modo
425 1576 549 1607 autem
571 1564 744 1604 moribus
768 1564 923 1603 mutatis
944 1562 1056 1605 etiam
1078 1561 1238 1605 mufices
1258 1561 1367 1602 modi
1387 1570 1608 1610 mutentur,
1636 1560 1781 1612 optime
1808 1562 1943 1603 docuit
1965 1564 2131 1616 Cicero,
2158 1565 2252 1607 Lib.
2277 1567 2328 1609 11.
2362 1569 2410 1610 de

275 1639 378 1692 legg.
408 1646 472 1689 15.
497 1635 590 1686 ubi,
608 1635 821 1677 civitatum
837 1662 852 1684 ,
878 1633 1028 1684 inquit,
1058 1634 1126 1674 hoc
1156 1635 1367 1674 multarum
1395 1635 1440 1673 in
1479 1632 1649 1673 Graecia
1684 1630 1894 1684 interfuit,
1921 1637 2128 1687 antiquum
2166 1651 2294 1679 vocum
2320 1639 2411 1692 ser.

279 1722 373 1756 vare
395 1706 574 1755 modum,
603 1719 770 1760 quarum
793 1719 912 1747 mores
940 1703 1035 1756 lapsi
1059 1703 1116 1744 ad
1141 1705 1338 1745 mollitiem
1355 1705 1514 1756 pariter
1535 1702 1632 1754 sunt
1663 1704 1863 1743 immutati
1886 1717 1970 1744 cum
1995 1706 2206 1748 canthus:
2234 1718 2305 1749 aut
2334 1709 2408 1751 hac

278 1777 510 1827 dulcedine,
548 1776 840 1829 corruptelaque
878 1772 1111 1825 depravati,
1152 1781 1198 1814 ut
1237 1770 1410 1826 quidam
1424 1778 1597 1825 putant3
1638 1781 1711 1811 aut
1744 1784 1829 1811 cum
1852 1772 2045 1823 severitas
2079 1788 2211 1816 eorum
2245 1778 2290 1819 ob
2326 1781 2412 1821 alia

281 1851 380 1890 vitia
405 1846 634 1901 cecidisfit,
665 1845 750 1885 tum
770 1843 859 1894 suit
880 1846 923 1881 in
943 1841 1109 1881 auribus
1126 1844 1367 1895 animisque
1375 1840 1540 1881 mutatis
1562 1842 1683 1881 etiam
1712 1841 1803 1882 huic
1842 1846 2053 1885 mutatione·
2082 1846 2203 1888 locus
2237 1856 2275 1889 et
2296 1850 2413 1900 paulo

278 1925 370 1970 post
393 1915 440 1956 de
458 1913 624 1954 Latinis.
679 1909 758 1952 Illa
788 1909 940 1964 quidem
955 1936 970 1961 ,
999 1923 1100 1964 quae
1126 1910 1312 1961 solebant
1343 1909 1537 1961 quondam
1563 1905 1747 1963 conipleri
1772 1911 1986 1963 severitate
2006 1914 2193 1967 jucunda
2226 1917 2414 1960 Livianis

279 1997 318 2032 et
344 1984 563 2031 N'aevianis
594 1983 713 2024 modis
727 2010 741 2031 ,
781 1994 907 2029 nunc,
947 1989 990 2019 ut
1033 1978 1164 2019 eadem
1199 1979 1416 2030 exsultent,
1461 1982 1623 2021 cervices
1659 1983 1856 2035 oculosque
1878 1985 2041 2036 pariter
2085 1997 2171 2026 cum
2211 1985 2410 2029 modorum

267 2058 520 2114 flectionibus
543 2062 750 2107 torquent.
786 2051 973 2092 Graviter
1002 2052 1088 2091 olim
1117 2052 1194 2091 ista
1216 2048 1444 2101 vindicabat
1472 2059 1579 2091 vetus
1604 2052 1673 2092 illa
1694 2053 1862 2094 Graecia
1877 2055 2019 2109 ,longe
2029 2054 2265 2108 providens,
2290 2072 2408 2119 quam

275 2129 412 2184 sensim
429 2128 623 2181 pernicIes
642 2123 779 2175 illupfiz
803 2124 945 2162 civium
967 2124 1143 2169 animos,
1172 2122 1284 2161 malis
1297 2119 1468 2170 studiis,
1496 2122 1682 2175 malisque
1712 2121 1899 2165 doctrim‘s
1923 2136 2076 2179 repente
2101 2135 2204 2169 totas
2228 2130 2410 2172 civitates

280 2209 496 2241 everteret:
519 2196 557 2250 fi
572 2194 728 2248 quidem
746 2193 817 2234 illa
832 2192 968 2243 severa
993 2189 1255 2232 Lacedaemon
1280 2204 1411 2232 nervos
1424 2187 1570 2245 jusfit,
1608 2190 1711 2245 quod
1721 2195 1886 2248 plures,
1912 2209 2029 2249 quam
2052 2200 2196 2249 septem
2220 2197 2410 2250 haberet,

277 2274 324 2311 in
351 2268 538 2309 Timothei
568 2264 719 2315 fidibus
755 2262 869 2303 demi.
927 2259 1003 2312 Sed
1036 2259 1137 2311 apud
1165 2260 1365 2302 Romanos
1390 2259 1543 2310 quidem
1568 2260 1712 2302 civium
1749 2263 1922 2305 moribus
1952 2277 1973 2305 a
1999 2264 2189 2308 severitate
2223 2266 2273 2318 ad
2294 2268 2411 2310 luxu-

282 2340 375 2379 riem
398 2334 590 2385 corruptis
610 2333 722 2378 etiam
753 2330 859 2377 modi
881 2326 972 2369 facti
996 2328 1080 2369 sunt
1112 2328 1353 2378 lasciviores,
1382 2338 1419 2368 et
1447 2328 1550 2379 quasi
1580 2338 1698 2380 caput
1715 2332 1768 2372 rei
1799 2331 1965 2374 scenicae
1998 2333 2130 2376 haberi
2163 2344 2300 2390 coepta
2325 2336 2411 2379 sunt

233 2450 244 2464 ,
280 2406 393 2449 chori
420 2404 569 2446 cantica
597 2411 634 2443 et
663 2399 900 2451 choragium.
958 2397 1102 2450 Quod,
1133 2406 1175 2437 ut
1203 2408 1315 2446 nemo
1342 2395 1487 2448 sapiens
1512 2397 1679 2449 probare
1705 2408 1880 2453 poterat,
1907 2403 1959 2443 ita
1996 2414 2066 2446 nec
2109 2404 2294 2447 Horatius
2320 2417 2410 2457 pro-

280 2476 400 2519 bavit.
448 2473 539 2516 Huc
571 2470 718 2514 faciunt
1323 2473 1336 2483 “

694 2580 698 2584 ,
765 2538 948 2582 Indoctus
972 2533 1072 2592 quid
1096 2540 1196 2579 enim
1213 2536 1369 2593 saperet
1384 2565 1399 2588 ,
1427 2539 1599 2591 liberque
1622 2540 1798 2583 laborum

768 2610 957 2652 Rusticus
989 2609 1137 2651 urbano
1163 2607 1341 2662 confusus
1356 2638 1370 2663 ‚
1400 2610 1529 2662 turpis
1557 2609 1723 2655 honesto.

281 2710 361 2752 huc
386 2703 513 2748 etiam.

761 2792 822 2835 Et
848 2795 942 2836 tulit
965 2780 1159 2848 eloqqum
1189 2792 1385 2846 infinitum
1403 2790 1602 2846 fhcundia
1617 2798 1804 2846 praeceps
1817 2813 1832 2841 ‚

770 2862 1010 2919 Utiliumque
1026 2866 1162 2920 fhgax
1185 2878 1314 2906 rerum
1342 2873 1382 2906 et
1407 2864 1538 2907 divina
1556 2860 1696 2915 futuri

765 2933 965 2992 Sortilegis
992 2949 1067 2979 non
1094 2934 1306 2990 discrepuit
1322 2929 1519 2988 sententia
1546 2933 1727 2988 Delphis.
