2709 3430
740 0 1419 71 ,ἴΕέᾌΞῚὲΟΙϊᾹ-ᾸΛἨ
1467 0 1963 46 assonam-w
2351 13 2425 57 61>

262 116 358 162 εἶα,
418 114 580 162 Εςςῂίς
603 111 656 158 L.
681 104 964 164 ’Piso'orator3
1004 116 1129 163 quem-
1144 108 1305 151 Tiberio
1328 102 1666 152 reffitisie‘namt
1696 105 1871 151 Tacitus·
1893 108 1944 153 11.
1973 111 2081 153 Ann.
2114 120 2181 165 34.
2208 116 2310 159 unde
2336 120 2391 161 in-

262 188 377 232 visus
408 187 444 230 ei
473 186 702 237 tandemque
725 182 929 237 mmmtis
951 191 1040 223 reus
1068 186 1246 231 receptus
1268 177 1332 220 A.
1353 178 1408 221 U.
1436 179 1490 221 C.
1522 189 1615 233 777.
1641 191 1722 224 11011
1738 182 1922 233 perac'tus
1949 192 2010 223 est
2042 182 2094 223 ob
2132 192 2297 227 mortem
2322 199 2389 239 op-

263 267 490 314 poi-tunam.
510 254 594 299 vid.
623 253 724 298 idem
750 251 882 295 Tacit.
912 247 982 294 IV.
1006 260 1078 291 111.

426 325 484 370 V.
511 325 564 368 L.
594 322 873 367 enervamus
894 320 991 364 ·P1so
1018 319 1099 362 Cn.
1124 316 1270 361 Pisonis
1296 317 1459 359 consulis
1493 315 1547 360 A.
1573 318 1629 361 U.
1648 319 1711 361 C·
1737 329 1834 373 747·
1857 329 1895 362 et
1926 319 2124 365 Plancinae
2154 324 2272 368 filius.
2303 326 2386 370 vid.

267 400 348 444 Dio
371 395 491 442 Cass.
505 393 618 440 LIX.
646 406 715 435 20.
768 391 968 434 Habuerat
998 390 1032 430 is
1049 399 1290 441 praenomen
1307 390 1456 440 petris,
1480 387 1577 439 sed,
1600 387 1781 433 damnato
1810 391 1906 442 illo,
1926 392 1990 434 M.
2028 393 2146 436 Cotta
2181 394 2273 438 Coss
2303 409 2392 439 cen-

270 467 401 525 sente,
427 461 661 520 praenomen
694 455 855 505 coactus
885 469 944 503 eet
969 453 1133 501 mutare.
1162 457 1243 501 vid.
1274 456 1406 499 Tacit.
1438 457 1549 498 Anu.
1586 456 1654 498 111.
1683 469 1749 508 17.
1788 458 1921 512 ibique
1946 461 2056 512 Lips.
2087 472 2124 504 et
2149 464 2307 518 Pighius
2342 467 2394 507 ad

270 537 378 584 Arm.
407 546 502 593 779.
554 526 825 579 'Consmatu‘m
851 529 973 585 gessit
1003 539 1096 571 cum
1125 528 1197 570 M.
1232 527 1388 571 Licinio
1426 526 1566 571 Crasse
1585 525 1645 571 A.
1676 526 1733 568 U.
1769 527 1821 569 C.
1866 532 1958 579 780.
2003 531 2082 575 vid.
2124 533 2254 577 Tacit.
2282 537 2390 579 Ann-

267 607 341 654 tv,
376 608 470 654 62.-

429 677 503 721 Vr.
529 676 595 720 Μ.
625 674 906 719 Careamus
927 670 1053 723 Piso,
1076 668 1283 724 superioris
1299 668 1442 722 stater,
1464 668 1591 722 patris
1609 667 1650 712 111
1672 673 1779 711 reatu
1796 666 1937 712 socius.
1956 671 2041 713 vid.
2059 668 2196 715 Tacit.
2224 673 2291 717 111.
2326 677 2390 718 16.

427 746 908 791 VII.L.CA1.1›mu=1us
932 744 1055 791 Piso,
1083 751 1198 793 quem
1221 749 1435 793 praetorem
1458 738 1605 781 caesum
1633 739 1674 781 in
1696 739 1884 793 Hispania
1901 741 1954 783 A.
1982 741 2036 783 U.
2062 742 2115 785 C.
2141 746 2237 796 778.
2259 755 2393 786 auctor

269 827 327 862 est
350 816 513 865 Tacitus
547 815 619 855 lv.
657 824 728 863 45.
796 813 924 860 Cujus
964 812 1030 850 hic
1058 810 1161 850 filius
1195 808 1337 855 fixerit,
1372 809 1559 851 incertum
1589 817 1660 850 est.
1714 809 1956 852 Probabilius
1990 820 2156 863 tamen,
2193 813 2393 867 Auguris,

262 898 390 940 quam
425 882 624 928 pontificis
658 879 780 922 fllium
813 875 944 920 fuisse.
1003 873 1157 917 Etenim
1181 871 1234 915 L.
1264 871 1438 923 Pisonis,
1462 870 1648 916 Praefecti
1667 868 1822 925 Urbis,
1838 885 1944 917 tanta
1967 880 2073 928 apud
2101 882 2321 933 Augustum
2351 895 2394 923 ac

271 954 408 998 deinde
435 950 637 994 Tiberium
659 945 869 989 auctoritas
890 943 992 995 fuit,
1020 941 1124 996 (vid.
1145 942 1277 995 Vellej.
1298 938 1447 985 Patere.
1474 941 1524 987 11
1552 942 1647 995 98.)
1674 951 1719 984 ut
1741 943 1858 997 hujus
1884 955 1985 988 certe
2010 946 2098 989 filiis
2111 977 2126 999 ,
2142 947 2192 1001 (fi
2213 962 2313 1001 quos
2332 951 2398 992 ha·

267 1026 380 1070 buit.
408 1020 505 1066 nulli
521 1029 648 1063 autem
670 1016 802 1059 diserte
823 1013 1105 1064 memorantur)
1131 1012 1348 1066 promptior
1379 1012 1458 1055 esse
1494 1011 1669 1054 debuerit
1696 1013 1745 1055 ad
1782 1014 1949 1057 honores
1977 1016 2118 1058 aditus.
2176 1018 2276 1061 Sunt
2295 1021 2396 1062 enim

264 1106 294 1140 a
314 1093 512 1140 Pontificis
531 1088 753 1133 *Confiuatu
774 1088 824 1128 ad
848 1085 1032 1126 caesum
1021 1099 1061 1129 111
1090 1083 1281 1136 Hispania
1301 1084 1516 1126 Praetorem
1540 1082 1594 1126 L.
1619 1082 1791 1126 Pisonem
1805 1114 1820 1137 ,
1842 1086 1938 1128 anni
1962 1085 2040 1127 fere
2066 1087 2334 1143 quadraginta.

324 1164 393 1205 Ex
415 1162 523 1203 hisce
553 1158 783 1209 Pisonibus,
814 1168 924 1208 -quos
950 1164 995 1196 ut
1027 1153 1259 1196 familiariter
1292 1154 1442 1196 noverit
1478 1153 1692 1205 Horatius,
1730 1155 1870 1207 partim
1908 1158 2083 1211 aequales
2110 1158 2199 1200 suos
2213 1190 2228 1211 ,
2256 1163 2394 1213 partim

267 1233 414 1278 seniore
437 1228 473 1272 se
493 1226 771 1282 pua-offirmo
798 1224 956 1275 quidem
973 1224 1192 1274 temporum
1217 1222 1470 1273 aliquomodo
1484 1221 1601 1272 finit,
1626 1222 1691 1262 etfi
1720 1222 1768 1262 de
1793 1224 1945 1274 tribus,
1959 1227 2173 1274 posteriore
2196 1230 2287 1270 loco
2317 1244 2395 1272 me-

269 1302 429 1348 moratis
442 1331 458 1352 ‚
479 1299 607 1341 minus
633 1294 730 1337 illud
748 1291 959 1335 verosimile
980 1291 1179 1340 videatur,
1204 1291 1362 1331 Horatii
1385 1290 1624 1342 interpretes·
1638 1302 1752 1342 eum,
1781 1302 1896 1342 quem
1925 1288 2110 1349 secupdo'
2134 1296 2224 1337 loco
2254 1310 2399 1340 memo·

269 1372 441 1417 ravimus
456 1400 471 1422 ,
484 1368 542 1411 L.
558 1363 819 1418 ‘calpurnium
841 1359 1050 1412 Pisonem,
1071 1358 1196 1402 Praef.
1236 1358 1383 1409 Urbis,
1411 1359 1590 1399 eximium
1620 1359 1698 1399 hoc
1733 1358 1780 1399 ab
1812 1359 1980 1401 Horatio
2006 1364 2211 1412 ‘poeticum
2259 1379 2400 1410 munus

266 1440 478 1494 accepisse:
509 1438 616 1479 illum
630 1445 790 1491 patrem
815 1432 891 1475 esse
912 1432 964 1474 A.
992 1432 1036 1473 Ρ.
1062 1442 1104 1471 ν.
1134 1441 1202 1480 24.
1231 1429 1524 1481 compellatum·
1561 1428 1643 1480 ejus
1664 1427 1745 1470 duo
1780 1427 1880 1470 filios
1916 1430 2041 1483 (quos
2076 1440 2201 1475 tamen
2239 1435 2400 1480 historia

267 1511 445 1567 ignorat)
465 1511 627 1564 suvenes
651 1515 770 1560 patre
796 1504 968 1558 dignos,
994 1502 1179 1556 majorem
1200 1508 1237 1540 et
1261 1499 1448 1540 minorem
1475 1498 1616 1540 ibidem
1632 1508 1679 1540 ·et
1712 1510 1752 1539 ν.
1794 1499 1886 1551 366.
1913 1500 2177 1554 intelligendos
2197 1504 2296 1557 esse,
2327 1509 2400 1549 mi-

268 1584 371 1626 nime
392 1580 609 1622 dubitanter
638 1574 822 1615 asserunt.
873 1572 960 1625 Jam
991 1570 1201 1620 antiquitus
1228 1569 1502 1620 Porphyrion:
1541 1569 1661 1610 Hunc
1690 1569 1835 1611 librum
1863 1599 1878 1620 ,
1919 1570 2076 1623 inquit,
2115 1578 2186 1628 qui
2216 1577 2398 1629 inst-riba-

264 1664 339 1697 ταν
367 1652 413 1693 de
438 1649 540 1691 Arte
570 1647 755 1695 Portica,
782 1642 839 1684 ad
859 1641 1026 1682 Lucium
1056 1640 1267 1692 Pisbnem,
1305 1641 1377 1692 qui
1396 1648 1533 1692 postea
1559 1639 1668 1680 urbis
1697 1649 1830 1682 custos
1850 1638 2148 1694 fuit,m1st
2191 1659 2281 1687 ram
2315 1649 2396 1702 {pse

268 1721 415 1775 Pisbp
418 1720 500 1760 oeta
518 1715 607 1768 fuit
632 1724 669 1755 et
680 1713 897 1764 studiorum
921 1711 1142 1750 liberalium
1175 1709 1354 1749 antistes.
1411 1706 1506 1747 Erat
1524 1716 1651 1747 tamen
1687 1719 1846 1747 ommno
1883 1708 2149 1750 dubitationi*
2142 1726 2265 1755 ocus.
2304 1718 2393 1758 Stu-

268 1791 425 1837 diorum
458 1784 614 1837 quidem
649 1781 861 1822 liberalium
894 1776 1097 1818 antistitem
1125 1774 1242 1815 fulsse
1273 1775 1327 1815 L.
1358 1773 1563 1824 Pisonem,
1602 1787 1682 1815 non
1716 1787 1929 1827 negamus:
1971 1777 2011 1816 id
2046 1780 2145 1819 enim
2177 1774 2263 1823 satis
2304 1797 2397 1827 con-

178 1877 186 1895 r
264 1860 442 1901 firmatur
466 1850 659 1901 Antipatri
684 1842 1026 1887 Thessalonicensis
1046 1842 1094 1882 ad
1117 1853 1206 1881 eum
1233 1841 1546 1892 Epigrammate,
1570 1842 1610 1881 in
1631 1843 1732 1881 Anal
1735 1853 1809 1882 ect.
1830 1844 2014 1885 Brunckii
2042 1847 2135 1888 Vol.
2161 1850 2207 1890 11.
2236 1865 2275 1902 p.
2307 1866 2394 1897 112

260 1941 309 1969 ῃ,
339 1924 447 1968 XIV.
476 1919 605 1963 Fuerit
624 1916 735 1958 etiam
755 1913 831 1966 ipse
853 1914 973 1964 poeta
988 1941 1003 1963 ,
1031 1918 1075 1952 ut
1094 1910 1173 1951 huc
1196 1909 1422 1962 spectaverit
1444 1909 1597 1952 Auctor
1628 1910 1782 1964 Panegy
1783 1912 1854 1953 rIci
1885 1914 1933 1953 ad
1956 1914 2085 1958 Pison.
2120 1930 2159 1959 v.
2190 1931 2283 1970 150.

696 2023 813 2066 Mira
825 2020 964 2075 subest
988 2022 1168 2076 gravitas
1196 2021 1302 2061 ‘inter
1314 2017 1411 2072 fhra
1424 2047 1440 2069 ,
1468 2020 1590 2060 mirus
1604 2047 1618 2069 ,
1645 2020 1781 2072 omissa

697 2093 919 2146 Paullisper
942 2093 1165 2145 gravitate,
1192 2090 1307 2144 lepos.
1363 2090 1407 2131 Si
1433 2091 1610 2130 carmina
1630 2087 1741 2140 fhrte

690 2161 866 2206 Nectere
900 2160 1175 2217 ludenti-savit
1196 2159 1403 2213 fluitantia
1427 2159 1538 2213 versu
1553 2189 1569 2211 ,

322 2255 379 2275 ,ι
694 2232 864 2273 Aonium
881 2230 1022 2283 facili-s
1049 2226 1210 2273 deducit
1236 2233 1396 2286 pagina
1421 2242 1600 2271 carmen.

259 2350 410 2391 Verum
438 2338 592 2396 Pfim0·,
621 2337 649 2378 fi
675 2336 775 2377 filios
798 2335 850 2375 L.
878 2334 962 2375 Piso
998 2333 1172 2375 PontIfex
1197 2333 1331 2374 habuit
1350 2363 1367 2383 ‚
1405 2345 1477 2374 eur
1510 2334 1563 2379 illi
1590 2344 1801 2384 numquam
1841 2334 1878 2375 in
1914 2334 2072 2376 historia
2098 2342 2387 2384 memorantur?

262 2422 322 2464 Ita
348 2411 585 2458 statuendum
608 2419 675 2448 eos
698 2406 855 2459 ⁸iuvenes
881 2402 1098 2444 decesfisse:
1116 2415 1202 2445 nam
1225 2411 1323 2444 certe
1348 2401 1398 2442 ad
1420 2403 1567 2443 virilem
1595 2411 1751 2445 aetatem
1778 2403 1991 2456 superstites
2017 2406 2103 2446 talis
2128 2410 2298 2460 tantique
2311 2413 2386 2453 viri

258 2488 397 2537 Uberi,
424 2481 491 2525 nist
516 2478 658 2527 rebus,
686 2484 723 2515 at
756 2473 970 2514 honoribus
999 2483 1125 2515 tamen
1150 2482 1188 2514 et
1217 2470 1494 2525 magistratibus
1520 2472 1638 2525 gestis
1675 2473 1723 2513 ad
1754 2474 1919 2525 aliquam
1942 2482 2186 2526 posterorum
2210 2481 2386 2524 notitiam

260 2552 533 2602 inclaruissent·
590 2546 666 2588 Sed
686 2556 875 2597 ponamus
899 2543 1105 2594 aliquando
1137 2543 1188 2585 L.
1209 2542 1331 2585 Pisoni
1353 2542 1454 2583 filios
1482 2542 1620 2593 fuisse,
1659 2543 1757 2584 illud
1792 2544 1986 2595 quaeritur
1999 2573 2014 2594 ,
2056 2554 2185 2586 utrum
2215 2560 2302 2590 ante
2327 2553 2381 2593 A.

262 2629 319 2671 U·
342 2628 395 2669 C·
425 2613 518 2677 7'35,
538 2649 553 2671 ‚
583 2607 662 2669 quo
686 2627 786 2657 anno
806 2614 1052 2656 vetustiorem
1073 2613 1173 2655 han'c
1195 2613 1408 2666 Epistulam
1434 2612 1509 2654 esse
1533 2612 1644 2667 supra
1666 2613 1899 2665 docuimus,
1926 2614 1965 2654 id
1994 2615 2125 2656 ³0²²&
2146 2617 2225 2659 esse
2247 2630 2386 2671 pome-

262 2700 338 2741 rint
367 2694 435 2736 filii
461 2692 516 2733 L.
548 2686 718 2737 Pisonis,
744 2695 789 2726 ut
823 2685 869 2725 iis
901 2696 1058 2737 quoque
1087 2696 1189 2736 opus
1225 2684 1271 2726 de
1294 2684 1353 2726 Re
1381 2685 1539 2726 Poetica
1564 2684 1671 2726 salvo
1705 2686 1855 2738 pudore
1878 2684 2019 2726 Noster
2039 2686 2152 2727 ausus
2186 2687 2231 2728 fit
2258 2691 2396 2732 inseri--

258 2769 365 2810 bere·
419 2763 473 2804 L,
496 2758 604 2811 Piso,
632 2768 675 2800 ut
697 2770 742 2798 ex
764 2754 905 2797 Tacito
933 2755 1081 2806 liquet,
1100 2755 1242 2796 Annal.
1271 2755 1350 2796 VI.¹
1374 2768 1436 2795 10.
1460 2763 1572 2795 natus
1594 2763 1651 2796 est
1677 2755 1731 2796 A.
1761 2756 1811 2796 U.
1834 2756 1884 2796 C.
1905 2758 1999 2806 708.
2024 2756 2115 2797 Fuit
2140 2757 2254 2810 igitur
2275 2761 2380 2801 annis

261 2838 428 2884 sedecim*
445 2831 608 2874 Horatio
628 2828 757 2882 junior
773 2858 788 2878 2
825 2835 862 2868 et
883 2826 936 2868 A·
962 2824 1018 2868 U·
1044 2825 1100 2868 C.
1135 2835 1230 2879 735.
1256 2825 1320 2867 vix
1355 2823 1583 2866 tricesimum
1612 2836 1754 2867 annum
1782 2825 1931 2877 agebat.
1989 2826 2056 2868 An
2092 2826 2267 2866 credibile
2292 2838 2375 2882 est,

257 2910 336 2962 jam
348 2904 446 2946 ‘tum
476 2914 563 2944 eum
593 2900 692 2941 filios
715 2896 910 2950 habuisse,
939 2908 1038 2948 quos
1064 2897 1191 2938 colore
1212 2896 1340 2948 aliquo
1361 2898 1522 2952 juvenes
1549 2895 1674 2938 dicere
1703 2895 1849 2939 Noster
1879 2897 2080 2951 potuerit?
2118 2896 2378 2944 Wielandium

1273 2967 1314 3008 H
1339 2980 1365 3020 3
2115 2959 2149 2995 Χ

1389 3120 1412 3133 Q
