2709 3430
251 58 308 109 ς,
661 40 1104 99 υιειυτιιτιο·
1147 42 1235 97 or
1277 43 1348 100 ¹o.
1397 27 1709 126 nonam
1745 38 1995 132 rtacci

264 163 392 220 ..iffi
417 159 517 219 qni,
538 167 772 217 quamquam
790 157 993 213 Epistola:
1014 154 1782 211 &praemanda-maenala
1805 161 1920 216 posse
1940 150 2426 222 manscript-mm

263 239 398 294 paullo
427 245 512 280 ante
539 234 595 277 A.
632 232 689 276 U.
718 231 770 276 C.
799 242 895 284 739·
934 226 1061 272 Pisoni
1096 236 1277 281 quartum
1300 236 1340 271 et
1375 226 1790 287 trioefimumaentis,
1821 232 2032 279 exiffimare
2061 234 2239 289 videtin,
2264 236 2418 282 tribum

267 310 358 353 filiis
385 308 466 362 ejus
490 303 697 359 appellatio
715 304 906 360 juvenum
930 297 1093 341 offendit
1106 328 1123 353 ,
1151 299 1255 343 unde
1277 297 1356 353 ipse
1389 299 1555 356 juvenes
1587 300 1685 347 nihil
1714 303 1821 354 aliud
1857 315 1993 360 notare
2028 305 2154 361 dicit,
2185 306 2258 355 nili
2279 307 2417 361 filios,

271 390 442 432 aquei
414 374 694 430 significatione
726 372 966 423 fiequeuoem
1001 380 1085 413 eam
1121 379 1260 417 vocem
1293 369 1373 414 esse
1404 371 1519 419 etiam
1547 372 1654 427 apud
1691 374 1865 428 optimos
1901 374 2066 429 Latinae
2079 361 2418 434 Ιίιιςιικλιιὲὶιο-

271 462 369 500 res,
396 447 511 501 cujus
538 445 747 488 reivellem
768 442 1001 496 etexenpla
1025 440 1260 496 protulisset.
1315 442 2327 506 Atquiutuhomagiseunjmmillndnomeu
2355 448 2421 491 of-

270 518 480 570 fendisset,
508 516 537 559 fi
556 515 763 559 nobiscum
786 513 969 568 scriptam
993 512 1214 567 Epntolain
1240 522 1329 558 ame
1352 521 1525 562 mortem
1550 515 1736 571 Virgilii,
1756 515 1849 562 five
1872 516 1992 568 diem
1995 518 2051 568 X,
2084 518 2177 564 Kal.
2202 517 2295 564 Ost.
2327 517 2423 574 anni

270 590 326 631 U.
358 590 409 632 C
441 595 539 637 7³5·
570 584 831 629 existimasset.
886 584 1042 629 Etenim
1065 585 1135 628 ino
1157 584 1336 629 aanoL.
1363 584 1512 631 Pisonis
1542 585 1682 641 filios,
1720 586 1750 635 ss
1775 598 1879 641 quos
1904 587 2075 643 habuit,
2100 588 2172 635 vix
2194 579 2423 645 adol-smn-

270 660 378 701 tulos
404 655 547 708 fuisse,
590 655 796 697 duodecim
821 652 870 695 ad
897 652 1089 696 summum
1120 661 1187 695 aut
1214 652 1399 697 tredecim
1424 666 1652 710 annorum,
1681 657 1877 702 evidenter
1899 657 1980 712 ipsa
2004 671 2069 703 τω
2099 658 2232 703 docet.
2284 657 2424 713 Quid,

273 729 300 770 fi
326 728 436 779 prius
463 727 579 766 exiam
600 725 782 777 scriptam
807 724 1031 777 Epistulam
1056 723 1302 776 censeamus,
1329 726 1453 779 magis
1478 735 1631 772 recente
1656 726 1788 770 adhuc
1826 728 2014 771 memoria
2043 729 2278 788 Qumctilii,
2308 738 2427 780 quem

269 800 323 839 A.
353 798 410 837 U.
441 797 493 837 C.
524 807 620 848 730·
651 794 848 836 decessisse
861 792 1162 846 constattquam
1177 793 1276 836 belle
1293 804 1426 837 coram
1440 793 1583 849 septem
1597 804 1978 848 autoctoannorum
1993 793 2427 853 puerulisdeiimbico-

270 880 356 908 rum
368 865 546 908 versuum
566 864 715 906 fabrica
727 894 744 916 ‚
758 865 807 906 de
818 865 1004 907 Plautinis
1025 865 1199 918 numeris
1214 874 1260 907 ac
1280 863 1422 909 salibus
1434 894 1450 917 ,
1476 865 1527 908 de
1543 866 1849 919 probandis.aut
1868 866 2139 922 improbarid‘u
2160 867 2428 919 carminibus,

271 949 308 978 et
329 938 490 979 omnino
512 936 560 977 de
592 937 690 978 Arte
720 936 882 977 Poetica
912 934 1166 986 disputaverit
1195 921 1412 974 Horatius!
1451 942 1539 975 tota
1560 934 1768 987 Epistulae
1800 938 1902 981 ratio
1929 936 2098 991 elma,-
2129 948 2248 985 γεῖος
2288 934 2427 982 intelli-

272 1008 423 1060 gendos
453 1005 532 1051 esse
550 1006 737 1057 J'uveiies,
766 1004 834 1053 qui
853 1002 935 1054 jam
959 1011 1071 1053 patre
1096 1001 1237 1054 dignos
1264 1001 1301 1043 se
1328 1002 1569 1057 probarent,
1597 1004 1688 1058 jam.
1703 1001 1858 1058 judicio
1885 1002 1937 1047 ‘et
1971 1014 2103 1055 metite
2121 1008 2321 1062 valerent,
2341 1006 2426 1060 Jam

270 1079 416 1118 donare
437 1074 585 1126 aliquid
611 1073 707 1114 bene
730 1073 819 1124 (aut
844 1072 943 1114 male
959 1071 995 1123 l)
1024 1070 1073 1113 de
1098 1070 1135 1113 se
1175 1072 1320 1115 meritis
1351 1071 1521 1125 possuit.
1585 1073 1696 1115 Haec
1723 1083 1818 1116 vero
1847 1074 1979 1117 omnia
2001 1074 2044 1120 in
2070 1071 2126 1119 L·
2149 1071 2297 1118 Pffoais
2316 1073 2427 1118 filios

270 1148 335 1187 illa
359 1155 483 1186 aetate
524 1156 605 1185 non
646 1142 856 1194 quadrant.
925 1141 1060 1193 Itaque
1103 1142 1236 1193 potius
1274 1153 1361 1195 est,
1398 1152 1444 1185 ut
1477 1142 1529 1184 de
1558 1144 1636 1186 alio
1666 1143 1802 1187 Pisone
1834 1144 2067 1198 cogitemus.
2138 1143 2355 1188 Glareanus
2387 1153 2427 1187 et

269 1215 451 1258 Nannius
474 1213 706 1254 mentionem
739 1213 851 1252 etiam
872 1211 972 1253 enei
1008 1211 1198 1254 fecerunt.
1236 1213 1330 1264 Ine,
1369 1226 1442 1268 ego
1465 1215 1626 1265 malin,
1651 1214 1811 1266 inquit,
1836 1213 1886 1256 de
1916 1216 1995 1266 iss,
2030 1217 2102 1270 qui
2127 1215 2208 1268 fieb
2241 1214 2428 1272 Augusto

270 1288 431 1335 vixere,
446 1282 684 1336 Pinnibus,
707 1281 762 1324 L.
784 1291 823 1323 et
846 1282 922 1323 Cn.
939 1283 1035 1323 viris
1065 1281 1348 1335 Confialaribus
1375 1285 1615 1336 intelligere.
1643 1283 1693 1325 de
1717 1284 1844 1326 Luei‘o
1861 1286 1990 1338 plane
2024 1282 2218 1340 intelligit
2251 1285 2430 1341 Porphy-

270 1358 373 1397 sion.
403 1353 517 1407 filii,
547 1363 592 1394 ut
611 1354 739 1394 vocati
768 1348 954 1403 (fueruit)
980 1364 1056 1394 non
1090 1352 1259 1407 legitur.
1296 1350 1423 1395 Addit
1453 1360 1609 1392 tamen:
1640 1353 1776 1404 itaque
1798 1350 2025 1405 adpotum
2045 1354 2099 1397 L.
2121 1353 2304 1408 Pisonem
2324 1356 2428 1407 eius-

270 1438 350 1479 que
365 1422 472 1475 filios
492 1420 691 1474 firipfisfi
707 1420 814 1472 firm
838 1420 964 1460 claret
986 1431 1036 1460 ex
1049 1420 1307 1475 sequentibus
1323 1421 1464 1474 pairac
1489 1420 1654 1463 verbis:
1680 1418 1856 1462 Maxima
1880 1431 1971 1472 pars
1999 1430 2135 1463 vatum
2157 1433 2276 1477 pater
2300 1433 2341 1466 et
2362 1423 2431 1476 iu-

271 1507 380 1535 senes
401 1501 522 1546 patre
543 1489 675 1545 digni.
732 1488 916 1530 Nannius
938 1497 1094 1540 autem,
1136 1490 1201 1532 hie
1222 1500 1373 1544 porro,
1400 1489 1478 1540 ait,
1504 1491 1649 1531 mentio
1678 1488 1726 1530 de
1747 1490 1823 1532 Cn.
1848 1499 1889 1532 et
1916 1490 1970 1532 L.
2000 1491 2236 1546 Piliine‘bus,
2264 1495 2335 1548 que·
2349 1493 2432 1547 sich

272 1566 461 1619 Augusto
498 1564 723 1610 vixerunt,
759 1559 807 1601 de
846 1560 991 1614 quibus
1018 1562 1145 1613 plura
1184 1559 1325 1602 dicunt
1355 1559 1556 1602 Cornelius
1594 1560 1756 1601 Tacitus
1791 1569 1831 1601 et
1860 1563 2004 1605 Seneca
2019 1590 2035 1613 ‚
2056 1563 2142 1617 Ep.
2184 1562 2250 1615 83.
2307 1561 2457 1604 Vides*

272 1645 399 1675 tamen
416 1661 431 1684 ,
474 1642 592 1683 quam
614 1640 752 1686 parum
778 1637 911 1670 exacte
930 1628 979 1669 de
1003 1628 1084 1671 Cn.
1114 1626 1225 1669 fimui
1250 1637 1290 1669 et
1316 1628 1450 1670 Lucio
1471 1628 1674 1670 Pisonibus
1702 1629 1847 1671 mentio
1875 1630 1958 1672 fieri
1980 1631 2090 1683 apud
2122 1631 2332 1673 Horatium
2370 1633 2440 1674 dia

270 1713 401 1745 catur.
457 1701 562 1743 Nam
589 1700 668 1742 Cn.
694 1697 853 1751 quidem
880 1706 919 1739 et
941 1696 1099 1739 Lucius
1125 1697 1222 1739 nihil
1251 1696 1301 1739 ad
1322 1696 1360 1739 ie
1391 1697 1557 1740 invicem
1580 1697 1839 1751 pertinebant.
1894 1700 2047 1742 Fratres
2074 1710 2176 1743 certe
2196 1714 2276 1744 non
2292 1712 2428 1756 erant,

273 1785 396 1823 cum,
422 1771 582 1813 Acrone
605 1779 703 1811 teste
718 1798 733 1818 ‚
762 1767 812 1809 ad
836 1766 975 1809 frati-es
1000 1767 1180 1820 scriptam
1201 1768 1422 1821 Epistolam
1450 1768 1608 1821 quidam
1632 1767 1812 1813 dixerint.
1880 1768 2043 1814 Etenim
2069 1770 2187 1812 Lucii
2210 1780 2346 1823 pater,
2364 1772 2425 1813 so·

271 1855 341 1884 cer
363 1841 464 1882 idem
491 1841 543 1881 C.
564 1837 747 1880 'Caesaris
780 1831 1008 1887 dictatoris»,
1030 1837 1083 1878 L.
1109 1838 1348 1889 Calpurnius
1368 1837 1454 1879 Piso
1476 1836 1716 1879 Caesoninus
1739 1836 1832 1878 fuit.
1914 1838 2014 1880 Cnei
2034 1848 2141 1890 patei·
2172 1840 2263 1881 item
2299 1841 2429 1884 dictus

273 1912 350 1955 fuit
377 1912 527 1953 Gneus·
558 1906 661 1960 (vid.
698 1906 856 1958 Pighius
889 1905 939 1945 ad
973 1916 1065 1945 ann.
1096 1905 1217 1955 730.)
1257 1904 1387 1945 nescio
1418 1916 1467 1945 an
1502 1903 1634 1954 idem,
1670 1904 1784 1956 cujus
1824 1906 1970 1947 mentio
2005 1906 2124 1948 exstat
2156 1909 2262 1960 apud
2291 1910 2425 1952 Valet.

275 1982 393 2023 Max.
429 1980 499 2021 VI.
534 1990 575 2019 c.
604 1990 662 2018 2..
684 1976 722 2028 ς,
759 1986 802 2028 4.
830 1973 932 2017 forte
956 1985 1038 2016 non
1065 1972 1201 2015 diverfi
1234 1974 1284 2014 ab
1317 1985 1394 2023 eo,
1430 1985 1545 2024 quem
1576 1972 1718 2016 Cicero
1758 1983 1949 2015 memorat
1986 1975 2027 2016 iii
2046 1964 2194 2030 fragm.
2239 1979 2352 2022 Orat.
2389 1981 2433 2024 in

279 2061 374 2103 toga
397 2047 577 2090 Candida
610 2059 673 2098 ap.
699 2043 931 2086 Asconium.
988 2042 1043 2083 At
1067 2042 1108 2083 in
1140 2041 1318 2094 Epistola
1351 2050 1614 2083 memorantur
1644 2049 1753 2093 pater
1784 2050 1822 2082 et
1860 2042 1942 2084 duo
1972 2043 2070 2094 filii,
2107 2058 2185 2087 non
2221 2057 2264 2088 ut
2290 2049 2431 2091 Acron

277 2113 435 2167 scribit,
478 2124 589 2168 pater
622 2123 659 2155 et
684 2114 802 2155 filius.
874 2113 1009 2163 ltaque
1043 2111 1158 2152 nobis
1194 2110 1349 2161 quidem
1382 2111 1462 2152 Cn.
1500 2110 1740 2163 Calpurnius
1765 2110 1850 2154 Piso
1881 2111 1963 2153 Cn.
1999 2112 2072 2155 Fit.
2109 2113 2187 2156 Cn.
2215 2115 2321 2168 Nep.
2358 2117 2454 2170 qui,

279 2186 373 2229 Cos.
400 2184 583 2227 suffectus
608 2196 698 2226 cum
727 2184 912 2236 Augusto
930 2180 1007 2223 fuit
1028 2181 1081 2222 A.
1106 2180 1163 2223 U.
1192 2180 1243 2222 C.
1270 2191 1367 2234 730.
1395 2181 1428 2222 is
1466 2176 1621 2222 videtur
1652 2180 1759 2230 esse,
1799 2193 1915 2232 quein
1946 2181 2136 2222 Horatius
2168 2184 2244 2223 hac
2273 2186 2428 2237 Episto-

278 2259 315 2299 la
336 2265 495 2311 patrem
527 2263 662 2297 vocat.
717 2252 797 2294 Hic
830 2260 959 2293 autem
999 2250 1101 2292 filios
1132 2250 1268 2291 habuit
1292 2250 1374 2292 Cn.
1396 2259 1435 2291 et
1454 2248 1509 2290 L.
1535 2248 1689 2291 Pisones
1708 2249 1814 2302 (vid.
1847 2248 1961 2301 supra
1989 2251 2057 2292 ΠΙ.
2082 2261 2120 2291 et
2152 2252 2231 2304 lv>
2260 2266 2429 2305 quorum

280 2335 384 2366 certe
411 2325 549 2367 Cneus
576 2324 629 2366 A.
663 2321 719 2364 U.
742 2321 794 2363 C.
816 2323 912 2372 728.
934 2320 1013 2372 jam
1041 2319 1124 2371 eJ'us
1146 2319 1277 2359 aetatis
1296 2328 1408 2369 erat,
1436 2328 1480 2359 ut
1501 2318 1541 2359 in
1565 2319 1743 2359 notitiam
1769 2331 1813 2359 ac
1836 2317 2130 2360 familiaritatem
2158 2320 2328 2373 Augusti
2363 2336 2430 2365 ve-

275 2395 410 2445 5itii-et,
440 2404 529 2434 cum
553 2391 594 2433 in
616 2389 806 2432 codicillis
825 2400 928 2432 anno
945 2399 1040 2443 773.
1052 2387 1202 2441 scriptis
1225 2387 1349 2431 senem
1369 2387 1446 2441 ipse
1468 2386 1504 2429 se
1521 2397 1703 2440 testetur,
1718 2400 1783 2441 ap.
1807 2387 1937 2430 Tacit.
1956 2389 2027 2430 111.
2049 2389 2193 2431 Annal.
2225 2393 2292 2432 16.
2347 2393 2429 2435 Cn.

283 2474 414 2507 autem
443 2461 530 2506 Piso
555 2470 664 2515 pater
693 2461 895 2503 amicitiam
925 2471 1019 2503 cum
1051 2459 1219 2501 Horatio
1240 2458 1432 2502 contraxit
1445 2489 1461 2511 ‚
1485 2458 1711 2501 contrahere
1744 2468 1846 2501 certe
1870 2458 1998 2511 potuit
2025 2459 2066 2501 in
2093 2460 2230 2502 castris
2258 2462 2368 2505 Bruti
2391 2473 2430 2506 et

284 2534 411 2578 Casfii
427 2562 442 2585 ‚
478 2545 578 2584 quos
616 2541 825 2584 utrumque
845 2530 968 2573 duces
993 2529 1163 2573 secutum
1193 2528 1243 2571 de
1265 2529 1402 2573 Pisone
1419 2529 1575 2581 quidem
1609 2541 1655 2571 ex
1688 2527 1817 2572 Taciti
1851 2528 1959 2570 Ann.
1992 2526 2044 2569 11.
2080 2542 2152 2583 43.
2181 2530 2229 2573 de
2261 2533 2432 2577 Horatio

289 2617 380 2647 cum
420 2616 467 2645 ex
498 2603 578 2645 vita
597 2602 706 2655 ejus,
734 2611 818 2643 tum
843 2614 865 2642 e
885 2600 1035 2654 scriptis
1058 2598 1220 2644 constat.
1276 2600 1386 2642 Haec
1414 2600 1532 2654 igitur
1554 2612 1601 2643 ex
1636 2600 1702 2641 tali
1723 2598 1920 2653 principio
1946 2607 2029 2640 otta
2061 2598 2303 2643 necessitudo
2321 2613 2435 2657 post-

288 2688 333 2717 ea
368 2675 489 2727 magis
524 2673 638 2715 etiam
662 2670 778 2714 fuisse
804 2672 954 2715 exculta
979 2671 1133 2714 videtur
1151 2701 1167 2722 ‚
1207 2680 1254 2712 ut
1285 2671 1469 2713 omnibus
1500 2672 1684 2722 omnino,
1724 2671 1793 2723 qui
1828 2668 2042 2722 superstites
2070 2683 2117 2712 ex
2151 2671 2259 2713 clade
2287 2673 2432 2726 Philip-

289 2742 396 2802 pensi
417 2744 584 2786 Romam
611 2742 832 2792 redierunt,
854 2741 1111 2784 nobilioribus
1132 2740 1435 2783 adolescentibus
1448 2771 1463 2792 ,
1490 2740 1675 2783 Messalae
1694 2771 1711 2792 ,
1747 2740 1959 2792 Septimio,
1986 2739 2174 2792 Pompejo
2191 2769 2207 2791 ,
2245 2751 2319 2783 cet.
2346 2753 2436 2795 gra-

289 2823 356 2854 tus
384 2811 530 2864 semper
567 2822 828 2865 acceptusque
854 2810 998 2853 Noster
1022 2810 1113 2854 fuit.
1170 2811 1268 2853 vid.
1291 2811 1454 2853 omuino
1487 2810 1541 2852 R.
1571 2822 1648 2853 van
1675 2810 1882 2853 Ommeren
1916 2810 1958 2851 in
1989 2809 2248 2862 disputatione
2278 2810 2433 2862 Belgica

291 2883 341 2925 de
364 2882 418 2936 Q.
447 2881 616 2926 Horatio
637 2883 779 2927 Flacco
787 2912 807 2938 ,
822 2880 892 2927 sub
917 2880 1051 2926 finem.
1114 2881 1169 2928 Et
1193 2880 1300 2927 forte
1335 2893 1358 2924 a
1377 2890 1502 2926 vetere
1531 2880 1660 2928 studio
1683 2882 1853 2936 partium
1869 2910 1884 2934 ,
1924 2892 2021 2935 quas
2049 2879 2203 2924 easdem
2231 2890 2325 2920 cum
2350 2879 2431 2923 Cn.
