2709 3430
278 73 332 130 5⁸
684 65 1124 119 msrurario
1160 61 1250 113 nn
1286 24 2005 139 ornoitoernssrnqccr

279 192 395 235 pente
432 183 485 226 ibi
530 180 719 224 Cicerone
761 180 880 224 ludos
916 178 1119 232 Pompeii,
1145 173 1327 222 Consulis
1354 171 1405 219 11.
1433 171 1488 218 A.
1515 171 1572 218 U.
1600 171 1654 219 C.
1682 171 1782 229 699.
1809 171 1892 218 vid.
1925 170 2084 217 Manut.
2105 168 2157 221 ad
2173 167 2360 217 citum.
2377 176 2420 218 et
2504 171 2509 180 ‘

279 253 463 296 Lambin.
507 250 558 293 ad
585 250 628 292 h.
652 251 680 294 l.
711 250 892 294 Eundem
925 262 948 291 a
983 249 1176 295 Cicerone
1204 246 1246 290 d.
1277 247 1307 290 1.
1339 254 1381 288 et
1411 244 1579 309 Horatio
1614 244 1670 288 A.
1695 244 1744 303 P.
1776 256 1838 290 vo.
1875 244 1975 305 087.
2016 242 2220 287 memorari
2247 241 2420 297 agnoscit

283 324 395 366 etiam
419 320 613 374 Bentlejus
645 320 694 363 ad
724 319 766 363 d.
795 317 892 362 vers.
919 317 1045 363 Addit
1073 327 1223 362 tamen·
1261 313 1392 376 Quod
1405 315 1524 373 βίω
1546 324 1629 369 est,
1665 321 1843 373 qporm,
1869 321 1915 360 ω
1941 313 2128 360 Maecius
2156 313 2220 358 laic
2246 325 2321 358 non
2353 326 2419 358 ve·

281 406 348 436 rus
373 401 412 434 et
438 392 575 443 vivus,
594 390 673 445 fid
681 389 864 447 figurate
884 390 1015 447 quivis
1045 390 1150 435 alius
1172 389 1372 448 legitimus
1403 397 1444 434 et
1463 391 1622 447 peritus
1636 384 1769 447 judex
1788 386 2029 445 accipiatur.
2077 383 2244 446 Quippe
2259 383 2421 447 sonipes

278 471 335 506 est
374 459 558 518 Epistola
595 462 669 505 illa
709 460 908 506 Ciceronis
950 458 1227 520 quadraginta
1251 463 1373 520 prius
1413 463 1571 515 annis,
1605 471 1726 518 quon
1765 455 1850 502 Ars
1881 453 1978 499 baec
1996 452 2226 499 Poma·
2251 449 2352 495 Sul
2385 451 2420 497 ss

279 531 509 584 Maecium,
536 531 653 573 ludos
675 531 889 574 celebrante
915 530 1129 587 Pompeio,
1167 543 1290 577 annos
1312 531 1516 575 minimum
1542 531 1715 584 quinque
1732 537 1781 571 et
1789 527 1946 582 triginta
1958 533 2093 567 uatum
2124 522 2265 576 fuisse,
2291 534 2419 576 neque

276 602 380 643 enim
416 601 451 643 is
474 601 672 655 juniorem
701 601 814 643 facile
845 602 973 643 virum
999 602 1212 643 carminum
1233 602 1405 654 judicem
1429 599 1709 665 constituisset,
1736 599 1871 641 Artem
1894 596 2092 648 Poeticam
2105 605 2199 637 vero
2220 594 2276 636 A.
2289 594 2346 635 U.
2363 594 2419 637 C.

278 684 373 724 739·
406 672 456 713 ab
487 671 655 714 Horatio
675 670 856 724 scriptam
885 669 1140 722 statuamus5
1178 669 1289 713 dicto
1315 670 1427 713 versu
1451 671 1659 714 Maecium
1684 669 1819 721 potius
1840 668 2003 721 figurate
2028 653 2205 720 quemvis
2227 663 2344 708 alium
2366 662 2421 707 le-

275 742 453 793 gitimum
479 751 524 781 ac
561 739 731 791 peritum
762 740 976 782 carminum
1001 739 1173 793 iudicem
1202 741 1304 793 (qua
1330 740 1480 782 ratione
1507 737 1665 793 patroni
1684 765 1701 790 ,
1726 732 2010 787 Maecenates-3
2024 735 2138 788 periti
2171 729 2330 776 navium
2347 745 2420 786 gu-

281 811 527 861 bematores,
557 810 751 851 Palinuri
784 810 1044 863 appellantur)
1074 822 1191 862 quam
1216 822 1352 854 verum
1380 810 1594 862 vivumque
1616 805 1818 850 Maecium
1855 803 2086 860 fignificat-5,
2110 802 2225 847 facile
2250 797 2419 857 Bentlejo

276 881 501 933 largiamur.
562 879 667 921 Nam
692 891 795 921 anno
816 879 873 920 U.
898 881 951 922 C.
977 892 1073 932 739.
1091 880 1121 920 si
1142 881 1205 920 vel
1230 881 1394 919 maxime
1423 878 1610 930 superstes
1629 878 1761 920 adhuc
1781 875 1900 918 flierit
1923 874 2137 923 Maecius,
2164 878 2267 913 certe
2293 875 2421 915 tamen

275 949 401 997 senem
421 961 510 989 eum
531 949 771 1000 decrepitum
800 947 915 988 fuisse
941 958 1130 988 annorum
1153 946 1248 989 inita
1275 947 1375 988 ratio
1402 947 1588 987 declarat.
1645 945 1772 996 Atqui
1787 943 1922 983 detali
1940 941 2026 986 sene
2050 952 2250 994 nunquam
2276 940 2419 984 Horat.

221 1026 225 1030 ·
276 1017 428 1060 dixisset
449 1029 461 1059 :
502 1018 548 1059 Si
572 1017 675 1072 quid
692 1027 824 1059 tamen
853 1016 945 1056 olim
981 1016 1097 1067 (post
1123 1016 1285 1069 longum
1308 1014 1473 1067 aliquod
1499 1012 1690 1065 temporis
1720 1011 1989 1064 intervallum)

711 1129 945 1184 Scrrpserix:
976 1132 1019 1172 in
1045 1129 1178 1172 Maeci
1207 1128 1416 1185 deflendae
1443 1125 1589 1182 judicis
1609 1137 1743 1169 aures.

270 1238 423 1281 Verum
453 1237 591 1279 durius
613 1245 718 1278 certe
743 1245 873 1278 noster
892 1238 933 1279 in
960 1238 1091 1280 eadem
1114 1239 1242 1291 phrafi
1277 1244 1321 1282 in
1344 1239 1487 1282 Maeci
1506 1238 1661 1293 judicis
1686 1249 1805 1279 aures
1822 1234 2018 1290 'figuratee
2063 1243 2103 1278 et
2120 1239 2259 1291 poerit
2296 1247 2336 1280 et
2354 1250 2422 1282 no·

263 1309 371 1360 strar
411 1321 492 1350 non
521 1308 684 1360 figurate
720 1306 870 1348 dixerit.
941 1308 1091 1350 Deinde
1131 1320 1218 1351 orta
1252 1322 1299 1352 ex
1333 1321 1523 1351 annorum
1561 1308 1710 1349 ratione
1739 1306 1946 1347 difficultas
1979 1304 2104 1347 statim
2138 1307 2352 1361 minuitur,
2389 1306 2422 1351 ss

272 1391 376 1431 opus
406 1379 483 1420 hoc
507 1378 555 1417 de
572 1378 626 1417 A.
651 1377 697 1417 P.
724 1376 861 1426 prius,
891 1390 1007 1426 quam
1037 1378 1230 1429 Bentlejus
1256 1376 1447 1429 putabat,
1474 1375 1593 1427 paulo
1614 1383 1708 1427 post
1733 1381 1898 1415 mortem
1925 1372 2154 1428 Quinctilii,
2174 1375 2251 1423 ssve
2275 1378 2331 1418 A.
2360 1375 2417 1419 U.

272 1449 323 1489 C.
357 1459 433 1498 730
461 1444 647 1497 scriptum
673 1441 829 1485 statuas.
881 1444 1017 1487 Potuit
1044 1445 1145 1487 enim
1180 1444 1292 1488 senex
1325 1444 1503 1488 nondum
1541 1438 1853 1496 septuagenarius
1881 1442 2043 1488 omnino
2084 1451 2129 1485 ut
2151 1444 2299 1496 peritus
2336 1456 2422 1491 car·

268 1501 418 1556 minum
440 1513 559 1566 iudex
581 1513 862 1556 commendari.
891 1512 949 1555 cf.
977 1523 1015 1555 et
1039 1514 1144 1556 laud.
1175 1513 1290 1566 supra
1310 1514 1343 1556 1.
1375 1513 1458 1555 Sat.
1486 1513 1538 1556 X.
1561 1525 1622 1555 vs.
1654 1514 1720 1565 38.

322 1583 503 1635 Denique
530 1582 806 1625 concinnatum
834 1582 911 1625 hoc
932 1593 1035 1635 opus
1060 1582 1165 1625 haud
1195 1583 1250 1625 ita
1283 1583 1406 1625 multo
1435 1592 1527 1635 post
1561 1583 1614 1626 A.
1658 1582 1716 1626 U.
1749 1580 1804 1626 C.
1834 1592 1961 1635 730.‚
1991 1588 2094 1624 certe
2123 1580 2273 1634 aliquot
2307 1583 2418 1627 annis

269 1663 355 1696 ante
385 1654 439 1694 A.
468 1651 526 1694 U.
558 1653 612 1693 C.
648 1664 724 1703 739
752 1651 893 1703 probat
919 1651 968 1693 in
1001 1652 1055 1693 A.
1087 1653 1134 1694 P.
1161 1651 1270 1694 versu
1300 1662 1368 1703 55.
1399 1651 1551 1704 Virgilii
1586 1660 1630 1692 ut
1656 1663 1748 1692 curn
1772 1653 1934 1693 maxime
1961 1651 2042 1693 vivi
2061 1659 2101 1693 et
2118 1651 2289 1694 florentis
2312 1665 2420 1695 men·

270 1724 343 1766 tiO.
389 1722 505 1765 Illum
531 1720 633 1764 enim
654 1729 692 1762 et
714 1721 903 1772 Varium,
945 1729 990 1762 ut
1013 1719 1354 1774 praestantisfimos
1386 1719 1443 1765 sui
1481 1720 1668 1774 temporis
1699 1722 1840 1774 poetas
1885 1720 2118 1775 antiquioris
2159 1720 2299 1765 saeculi
2328 1720 2420 1766 scri·

266 1791 450 1848 ptoribus
471 1790 614 1834 Plauto
644 1799 761 1843 atque
792 1790 964 1834 Caecilio
993 1791 1174 1844 opponit.

1327 1899 1453 1961 Quid
1468 1911 1599 1944 autem

707 1971 882 2016 Caecilio
910 1973 1126 2024 Plautoque
1164 1971 1279 2014 dabit
1307 1972 1511 2014 Romanus
1539 1970 1736 2013 ademtam

701 2042 870 2097 Virgilio
894 2043 1095 2096 Varquue
1114 2044 1135 2084 2
1164 2042 1255 2097 Ego
1277 2056 1351 2085 cur
1372 2042 1584 2104 qdquirere
1604 2053 1753 2095 pauca.
1775 2051 1849 2085 cet.

264 2152 391 2207 Atqui
412 2163 593 2198 mortuus
618 2162 677 2196 est
701 2150 890 2208 Virgilius
911 2152 965 2198 A.
1001 2155 1060 2198 U.
1095 2154 1149 2199 C.
1181 2165 1281 2209 735·
1306 2152 1391 2199 vid.
1426 2154 1658 2208 Hieronym.
1690 2154 1731 2197 in
1753 2151 1910 2199 Chron-
1937 2152 1988 2197 a'd
2009 2152 2171 2210 Olymp.
2192 2151 2321 2200 CXC.
2351 2155 2421 2198 Se·

268 2226 401 2277 quitur
431 2226 519 2268 inde
543 2224 730 2277 scriptum
755 2224 834 2267 esse
860 2237 963 2277 opus
987 2225 1034 2267 de
1060 2226 1157 2268 Arte
1178 2222 1341 2269 Poetica
1370 2224 1481 2267 ficuti
1505 2234 1597 2277 post
1620 2233 1786 2266 mortem
1817 2216 2047 2279 Quinctilii,
2077 2235 2176 2278 quae
2197 2226 2250 2268 A.
2278 2226 2334 2269 U.
2361 2227 2414 2269 C.

268 2304 363 2346 730·
392 2295 557 2346 incidit,
585 2295 639 2336 ita
667 2303 754 2336 ante
778 2294 832 2335 A.
862 2290 919 2336 U.
948 2294 1002 2337 C.
1028 2304 1122 2347 735.
1156 2296 1216 2338 vel
1242 2303 1343 2337 certe
1366 2304 1452 2337 ante
1477 2304 1638 2337 mortem
1669 2290 1846 2348 Virgilii,
1875 2286 1992 2347 quam
2022 2295 2064 2338 in
2087 2296 2171 2348 eius
2194 2296 2285 2338 anni
2313 2296 2415 2338 diem

273 2362 327 2405 X.
359 2364 449 2404 Kal.
482 2363 671 2405 Octobris
700 2362 879 2405 incidisse
899 2372 1039 2406 auctor
1061 2373 1122 2405 est
1144 2365 1324 2406 Donatus
1351 2366 1392 2406 in
1422 2365 1501 2406 vita
1528 2364 1696 2417 Virgilii.

322 2431 474 2473 Verum
511 2445 590 2484 quo
621 2432 825 2486 compofiti
856 2442 1009 2488 tempus
1041 2435 1170 2488 operis
1209 2437 1323 2476 etiam
1351 2434 1570 2476 accuratius
1598 2433 1826 2476 definiamus
1850 2463 1866 2487 ,
1906 2442 2027 2487 porro
2066 2435 2338 2489 inquirendum
2374 2438 2415 2479 in
2442 2432 2447 2434 “

268 2513 364 2553 eos,
396 2501 544 2554 quibus
568 2500 666 2544 illud
689 2503 878 2545 Horatius
903 2503 1103 2561 inscripfit.
1170 2504 1225 2546 Hi
1256 2505 1298 2546 in
1336 2503 1508 2545 verubus
1540 2506 1580 2546 6.
1612 2514 1651 2546 et
1690 2515 1784 2558 235.
1814 2511 2007 2547 vocantur
2032 2506 2216 2559 Pisimes,
2245 2507 2285 2549 in
2307 2506 2415 2548 versu

271 2582 368 2622 292.
398 2570 619 2627 Pompilius
636 2570 838 2628 sanguis,
866 2571 933 2615 ubi
958 2572 1094 2615 Schol.
1132 2572 1330 2625 cruquii:
1352 2572 1404 2616 ab
1434 2573 1512 2629 ipfh
1540 2576 1641 2617 em‘m
1662 2605 1678 2625 ,
1712 2568 1866 2627 inquit,
1904 2572 2044 2617 Numa
2073 2574 2263 2631 Pompilio
2293 2578 2416 2630 origi·

270 2653 354 2682 nem
402 2641 619 2686 trahebant
641 2656 656 2685 .·
710 2642 854 2700 Calpur
903 2646 1005 2687 enim
1043 2641 1158 2698 filius
1196 2643 1358 2688 Numae
1379 2674 1396 2696 ,
1448 2658 1475 2686 a
1508 2658 1582 2700 quo
1622 2644 1833 2701 Calpurnii
1873 2644 2036 2700 Pt‘fimes
2050 2675 2064 2697 ,
2103 2645 2158 2689 cf.
2196 2646 2331 2689 Acron
2375 2656 2414 2688 et

269 2710 529 2762 Porphyrion.
585 2713 709 2755 Porro
736 2711 878 2763 ‚versus
916 2726 983 2767 24.
1011 2724 1050 2756 et
1084 2715 1177 2768 366.
1207 2725 1366 2769 patrem
1399 2726 1444 2756 ac
1466 2715 1541 2758 duo
1566 2713 1673 2768 filios
1703 2710 1878 2756 indicant
1891 2744 1906 2765 ‚
1949 2725 2120 2767 quorum
2155 2726 2255 2759 certe
2291 2717 2415 2769 major

272 2777 443 2821 studium
472 2781 549 2832 iam
571 2782 877 2825 factitandorum
912 2783 1086 2826 versuum
1116 2795 1327 2838 promeret.
1383 2785 1658 2839 Quaerendum
1700 2784 1841 2837 igitur,
1870 2785 2027 2836 quinam
2059 2798 2107 2827 eo
2142 2786 2313 2846 tempore
2343 2784 2413 2835 (ab

272 2849 327 2892 A.
359 2852 598 2904 730—735)
637 2866 686 2894 ex
723 2854 938 2908 Calpurnia
981 2865 1092 2909 gente
1127 2855 1278 2898 Romae
1308 2855 1449 2899 fuerint
1472 2856 1658 2906 Pisones,
1700 2855 1739 2896 in
1770 2868 1898 2908 quos,
1921 2855 2127 2899 familiares
2149 2854 2328 2906 Horatii,
2349 2854 2411 2896 illa

270 2920 384 2962 etiam
412 2920 609 2972 quadrent
640 2925 794 2977 omnia,
823 2937 923 2977 quae
950 2925 999 2966 de
1024 2926 1228 2970 Pisonibue
1254 2926 1297 2970 in
1321 2928 1397 2971 hoc
1428 2939 1543 2981 opere
1570 2927 1716 2968 Noster
1740 2926 1928 2978 prodidit.
